2138 3438
911 117 1205 159 -61-

292 259 337 301 N
339 272 449 314 eque
463 258 694 313 deniquea
714 258 1097 313 Peripateticis
1115 257 1247 299 huius
1267 257 1426 311 capitis
1448 261 1753 311 argumentum
1774 258 1967 301 alienum

150 334 228 372 est.
260 329 643 374 Ps.-Plutarchum
685 343 773 371 non
806 328 948 371 solum
978 343 1025 370 re
1059 342 1157 370 cum
1187 327 1448 370 Aristotelis
1481 329 1684 382 opinione
1718 330 1968 372 consentire

151 401 347 444 videmus
377 400 451 456 (cf.
483 400 581 442 Pol.
615 402 726 443 1337
749 399 776 441 b
811 402 865 442 29
899 400 954 442 de
984 401 1129 456 σχολῇ,
1171 400 1358 454 ἀσχολίᾳ,
1399 400 1556 454 παιδιᾷ,
1597 400 1703 442 ibid.
1741 402 1796 442 38
1831 402 1854 443 ὁ
1887 403 1966 456 γὰρ

149 477 298 515 πονῶν
336 473 464 515 δεῖται
506 478 579 527 τῆς
618 473 913 520 ἀναπαύσεως,
951 473 977 526 ἡ
1011 472 1058 513 δὲ
1100 472 1245 514 παιδιὰ
1283 473 1404 525 χάριν
1444 472 1724 518 ἀναπαύσεώς
1754 475 1860 514 ἐστιν
1885 504 1893 512 .
1921 505 1928 513 .
1958 508 1966 515 .

151 545 216 586 διὸ
241 545 308 587 δεῖ
325 544 495 590 παιδιὰς
518 544 755 598 εἰσάγεσθαι
782 576 790 583 .
819 577 828 585 .
853 575 863 584 .
889 544 1158 597 φαρμακείας
1175 543 1296 596 χάριν
1305 558 1319 591 ,·
1349 541 1405 583 cf.
1426 546 1656 596 praeterea
1675 541 1966 584 Themistium

151 629 211 657 or.
254 616 323 666 24,
366 629 407 668 p.
436 614 579 656 301D
618 616 764 662 πάντα,
808 615 887 656 ὅσα
920 645 930 654 .
955 645 998 656 ..
1043 619 1115 668 τῆς
1163 615 1371 659 ἀσθενοῦς
1418 614 1590 668 φύσεως
1631 615 1802 668 μέτοχα,
1851 615 1969 656 ὃυοῖν

149 687 322 741 μάλιστα
364 688 536 728 πάντων
579 687 695 740 ἴσμεν
739 686 933 739 δεόμενα,
975 685 1220 739 ἀναπαύλης
1258 701 1299 726 τε
1341 689 1427 727 τῶν
1467 687 1658 738 ξυνεχῶν
1699 685 1846 727 πόνων
1895 685 1967 726 καὶ

149 757 203 800 αὖ
235 757 467 811 ἐπιμελείας
500 774 538 798 κ.
563 773 594 798 τ.
619 755 687 813 λ.),
731 755 808 797 sed
839 755 972 797 etiam
1006 754 1164 797 verbis:
1207 754 1422 796 Ps.-Plut.
1455 756 1516 798 ὅτι
1546 760 1629 802 πᾶς
1661 757 1686 797 ὁ
1716 757 1809 811 βίος
1839 758 1969 810 ἡμῶν

149 831 206 875 εἷς
237 831 373 871 ἄνεσιν
404 829 474 869 καὶ
511 828 700 882 σπουδὴν
739 828 926 882 διῄρηται
958 852 1014 857 -
1045 825 1231 869 Aristot.
1264 825 1360 868 Pol.
1403 827 1557 868 l333a
1601 828 1657 868 30
1697 827 1887 881 διῄρηται
1919 828 1965 869 δὲ

150 901 221 942 καὶ
249 904 334 946 πᾶς
364 900 388 941 ὁ
419 900 510 954 βίος
541 901 598 945 εἰς
624 899 822 953 ἀσχολίαν
848 900 918 941 καὶ
943 901 1000 944 εἷς
1023 899 1191 953 σχολήν.
1222 897 1462 939 Praeterea
1488 897 1736 951 comparari
1760 901 1964 951 possunt:

149 970 362 1012 Ps.-Plut.
405 972 520 1025 ψυχὴ
563 975 648 1016 τοῖς
678 970 758 1024 μὲν
800 971 1049 1024 συμμέτροις
1087 971 1251 1017 αὔξεται
1280 970 1440 1016 πόνοις,
1470 974 1553 1015 τοῖς
1587 969 1630 1010 δ’
1659 970 1966 1024 ὑπερβάλλουσι

148 1043 381 1097 βαπτίζεται
425 1054 523 1082 011111
553 1040 740 1082 Aristot.
784 1039 886 1082 Eth.
918 1040 1018 1082 Nic.
1055 1041 1208 1083 1104a
1242 1041 1314 1082 11:
1348 1040 1394 1081 in
1432 1039 1634 1081 omnibus
1672 1039 1813 1092 rebus,
1846 1044 1888 1082 et
1920 1041 1966 1081 in

150 1126 331 1167 corpore
363 1116 408 1154 et
437 1112 483 1154 in
517 1112 676 1163 animo,
711 1112 984 1153 demonstrat
1015 1112 1075 1154 ὅτι
1105 1112 1153 1154 τὰ
1184 1116 1350 1154 τοιαῦτα
1381 1113 1568 1166 πέφυκεν
1598 1111 1682 1153 ὑπὸ
1712 1112 1870 1158 ἐνδείας
1895 1114 1966 1155 καὶ

147 1185 385 1239 ὑπερβολῆς
439 1185 694 1239 φθείρεσθαι
720 1217 728 1225 .
754 1215 764 1225 .
790 1216 799 1224 .
854 1185 902 1225 τά
944 1199 986 1225 τε
1037 1183 1117 1237 γὰρ
1173 1183 1485 1238 ὑπερβάλλοντα
1541 1183 1742 1237 γυμνάσια
1799 1184 1868 1224 καὶ
1917 1184 1964 1225 τὰ

146 1255 380 1297 ἐλλείποντα
425 1256 595 1309 φθείρει
637 1256 710 1309 τὴν
753 1255 872 1308 ἰσχύν
898 1287 907 1295 .
934 1286 943 1294 .
968 1284 979 1295 .
1022 1255 1070 1295 τὰ
1114 1254 1161 1296 δὲ
1203 1254 1421 1308 σύμμετρα
1464 1255 1534 1295 καὶ
1587 1258 1700 1296 ποιεῖ
1739 1255 1808 1295 καὶ
1850 1256 1965 1302 αὔξει

149 1328 218 1368 καὶ
248 1326 383 1380 σῴζει.
416 1323 646 1379 Quatenus
677 1324 787 1366 11300
820 1324 1063 1366 similitudo
1095 1324 1495 1378 Peripateticorum
1527 1324 1774 1365 imitatione
1807 1323 1965 1366 effecta

149 1397 218 1448 sit,
248 1397 320 1438 vix
362 1395 596 1438 diiudicari
626 1399 783 1450 potest.
827 1395 957 1438 Certe
1000 1395 1171 1437 mediae
1205 1395 1340 1438 Stoae
1386 1395 1601 1446 convenit,
1644 1399 1694 1436 ut
1738 1409 1835 1436 011111
1874 1395 1964 1437 illis

149 1468 408 1519 consentiat.
434 1467 506 1509 Ita
530 1467 657 1520 idem,
689 1466 807 1520 quod
835 1481 968 1521 supra
991 1480 1322 1520 nonnumquam
1348 1467 1504 1517 evenit,
1531 1466 1765 1508 verisimile
1792 1467 1970 1509 videtur

148 1538 532 1581 Ps.-Plutarchum
565 1537 753 1581 Stoica
785 1542 836 1580 et
866 1538 1235 1594 Peripate—tica
1266 1538 1405 1579 mixta
1435 1537 1702 1592 praebere.

358 1691 552 1759 Caput
592 1693 676 1742 11.
717 1691 994 1745 Subsidia
1035 1691 1323 1743 educandi
1364 1694 1422 1744 et
1460 1691 1735 1744 virtutes,

290 1797 510 1853 Quoniam
534 1797 679 1852 priore
705 1798 862 1851 capite,
894 1797 970 1839 ubi
994 1798 1110 1839 inter
1136 1797 1352 1841 Senacam
1371 1798 1441 1839 De
1468 1798 1535 1839 ira
1559 1797 1610 1839 Π
1635 1799 1688 1839 21
1718 1801 1762 1839 01
1787 1796 1970 1851 Quinti-

145 1869 314 1913 lianum
346 1868 584 1911 similitudo
618 1867 961 1910 demonstranda
998 1873 1107 1921 erat,
1140 1868 1194 1911 de
1219 1869 1363 1911 laudis
1399 1869 1446 1911 in
1471 1868 1703 1910 educando
1728 1869 1770 1910 vi
1797 1868 1962 1911 dictum

147 1944 226 1993 est,
256 1939 585 1982 Ps.-Plutarchi
614 1938 668 1981 de
700 1939 853 1982 eadem
882 1953 931 1982 re
959 1939 1172 1982 iudicium
1204 1954 1320 1982 nunc
1344 1940 1582 1982 videamus.
1613 1938 1699 1994 Qui
1725 1944 1963 1994 antequam

147 2011 447 2054 remissionem
481 2009 684 2064 explicat,
716 2010 770 2051 de
809 2010 1082 2064 castigando,
1114 2010 1354 2063 laudando,
1387 2011 1678 2066 vituperando
1712 2010 1803 2065 agit
1834 2010 1879 2067 (9
1895 2011 1961 2063 A).

147 2081 496 2137 Castigationem
538 2085 580 2122 et
624 2081 983 2123 contumeliosam
1035 2081 1387 2136 obiurgationem
1431 2083 1660 2138 (αἰκισμός)
1675 2083 1704 2135 1)
1746 2082 1962 2136 repudiat,

149 2167 334 2207 quarum
365 2151 462 2194 loco
496 2151 773 2194 commendat
802 2154 995 2199 ἐπαίνους
1021 2156 1065 2195 et
1089 2154 1274 2208 ψόγους;
1306 2158 1494 2206 utraque
1522 2156 1668 2194 autem
1695 2166 1764 2194 res
1790 2152 1962 2194 modice

149 2223 402 2266 adhibenda
426 2226 502 2265 est.
529 2222 784 2265 Adicienda
809 2227 911 2265 sunt
935 2227 1179 2277 praeterea,
1208 2237 1319 2278 quae
1349 2223 1451 2266 120
1474 2223 1527 2265 de
1553 2237 1713 2277 magno
1740 2227 1961 2265 momento

149 2295 339 2349 exponit,
373 2295 491 2349 quod
521 2294 687 2337 habent
718 2296 830 2342 ἐλπίς
854 2312 895 2337 τε
923 2300 1043 2349 τιμῆς
1075 2296 1143 2337 καὶ
1175 2296 1312 2350 φόβος
1335 2297 1550 2349 τιμωρίας.
1582 2293 1654 2335 Αο
1686 2294 1827 2348 primo
1859 2293 1961 2335 reli—

148 2380 259 2420 quos
302 2366 535 2420 scriptores
579 2379 895 2420 comparemus,
941 2364 1113 2416 deinde,
1158 2365 1204 2406 id
1236 2365 1355 2419 quod
1388 2379 1520 2419 supra
1562 2364 1791 2419 probabile
1823 2365 1962 2407 visum

147 2441 225 2490 est,
265 2437 411 2479 media
450 2435 560 2479 Stoa
609 2439 826 2491 quatenus
871 2436 1186 2478 sententiarum
1218 2435 1315 2478 fons
1355 2449 1449 2477 esse
1480 2436 1632 2490 possit,
1675 2435 1961 2490 inquiramus.

147 2507 347 2550 Platonis
391 2508 609 2551 sententia
645 2507 732 2550 1130
777 2521 950 2562 quoque
980 2508 1027 2549 in
1059 2521 1104 2548 re
1135 2521 1224 2549 non
1263 2506 1408 2549 aliena
1440 2510 1524 2548 est:
1570 2506 1676 2561 Leg.
1710 2508 1795 2549 730
1816 2506 1854 2547 B
1887 2509 1958 2550 60³

147 2582 200 2622 ἂν
230 2581 289 2635 μὴ
323 2581 466 2635 νόμος,
497 2574 598 2622 ἀλλ’
623 2582 792 2627 ἔπαινος
828 2580 1047 2622 παιδεύων
1087 2580 1156 2621 καὶ
1189 2580 1323 2634 ψόγος
1355 2580 1553 2625 ἑκάστους
1585 2580 1776 2634 ἒυηνίους
1800 2581 1961 2634 μᾶλλον

148 2652 219 2692 καὶ
248 2652 433 2706 εὐμενεῖς
461 2655 546 2698 τοῖς
575 2652 826 2706 τεθήσεσθαι
855 2651 1052 2705 μέλλουσι
1083 2651 1228 2704 νόμοις
1261 2651 1551 2703 ἀπεργάζεται;
1584 2648 1640 2690 11).
1669 2650 1753 2692 829
1770 2649 1805 2692 O
1825 2652 1959 2704 ἐγκώ-

148 2723 223 2775 μιά
249 2737 289 2762 τε
320 2723 390 2764 καὶ
421 2722 584 2777 ψόγους
613 2728 746 2765 ποιεῖν
776 2722 968 2777 ἀλλήλοις
989 2754 998 2763 .
1019 2755 1027 2762 .
1050 2753 1059 2762 .
1093 2723 1197 2763 κατά
1229 2738 1270 2763 τε
1294 2721 1390 2767 τοὺς
1416 2723 1584 2775 ἀγῶνας
1609 2722 1653 2762 ἕν
1683 2723 1808 2762 παντί
1835 2722 1877 2762 τ’
1904 2721 1958 2762 αὖ

147 2796 207 2846 τῷ
237 2793 319 2846 βίῳ
350 2790 426 2847 (cf.
455 2793 539 2834 823
553 2792 629 2847 D).
671 2791 950 2847 Quamquam
982 2791 1057 2834 ille
1102 2791 1280 2846 quidem
1320 2791 1445 2833 caedi
1476 2804 1636 2845 pueros
1667 2790 1848 2844 patitur,
1883 2779 1963 2833 sed*

148 2866 298 2904 monet
326 2861 434 2903 ibid.
469 2863 606 2905 793E
637 2865 697 2919 μὴ
730 2865 901 2918 ἀτίμως,
934 2864 1027 2906 ἀλλ’
1057 2864 1162 2917 ὅπερ
1193 2865 1259 2905 ἐπὶ
1284 2867 1368 2905 τῶν
1402 2863 1570 2905 δούλων
1603 2864 1646 2917 γ’
1674 2863 1883 2918 ἐλέγομεν,
1914 2863 1958 2904 τὸ

291 2990 321 3034 ¹)
345 2990 591 3026 Consentiunt
614 2991 860 3037 Pythagorei:
887 2991 1024 3026 Iambl.
1063 2991 1119 3027 De
1144 3003 1178 3027 v.
1204 2991 1245 3025 P.
1269 2992 1334 3026 101
1373 2991 1446 3035 τὰς
1482 2990 1783 3036 ἐπανορθώσεις
1819 3001 1863 3026 τε
1895 2990 1959 3026 καὶ

147 3049 400 3095 νουθετήσεις
417 3076 425 3084 .
446 3075 454 3083 .
477 3076 485 3085 .
507 3051 608 3095 μετὰ
632 3052 789 3097 πολλῆς
813 3053 1003 3097 εὐφημίας
1028 3063 1072 3087 τε
1095 3052 1159 3086 καὶ
1178 3051 1389 3096 εὐλαβείας
1415 3052 1543 3095 ῷοντο
1569 3048 1654 3085 δεῖν
1679 3050 1888 3095 γίγνεσθαί
1915 3075 1923 3083 .
1950 3076 1957 3084 .

147 3110 212 3144 καὶ
235 3110 341 3145 πολὺ
364 3110 619 3155 ἐμφαίνεσθαι
642 3111 689 3145 ἐν
712 3116 797 3155 τοῖς
819 3111 1047 3146 νουθετοῦσι
1072 3110 1117 3146 τό
1143 3109 1402 3156 κηδεμονικόν
1428 3122 1461 3144 κ.
1487 3121 1518 3144 τ.
1543 3110 1580 3144 λ.
