2138 3438
967 109 1261 151 *40-

207 250 320 292 ratio
353 250 552 292 habetur.
586 250 790 293 Ceterum
823 251 930 293 satis
962 251 1019 292 sit
1051 250 1377 305 Quintilianum
1410 265 1665 306 comparare
1695 252 1804 295 [nst.
1840 267 1900 295 or.
1924 253 1949 295 Ι
1984 254 2022 308 1,
2097 276 2130 317 «Η

207 323 232 365 8
253 323 302 364 de
325 323 580 377 paedayoyis
605 323 681 365 hoc
706 324 898 378 amplius
922 326 1114 377 (praeter
1139 336 1283 364 mores
1316 323 1536 378 optimos),
1567 326 1615 365 ut
1638 328 1718 366 αιιί
1743 325 1834 366 sint
1857 325 2024 367 cruditi

200 394 348 448 plane,
381 408 516 449 quam
546 395 737 449 primam
774 407 923 436 euram
955 408 1042 436 esse
1073 394 1214 448 velim,
1245 398 1325 436 aut
1347 409 1390 436 se
1421 408 1512 437 non
1537 409 1623 437 esse
1647 396 1840 439 eruditos
1862 397 2017 439 sciant.

250 559 444 628 Caput
485 562 527 612 6.
579 560 886 612 Bonorum
924 560 1297 628 comparatio
1337 563 1396 612 et
1435 561 1789 614 eruditionis
1830 562 1976 615 laus.

347 679 531 721 Praeter
563 683 708 721 cetera
750 678 976 720 hominum
1007 678 1125 721 bona
1155 681 1320 722 παιδεία
1351 679 1481 734 longe
1525 681 1906 733 praestantissima
1939 685 2018 733 est,

207 750 347 792 solum
380 750 542 792 bonum
566 764 655 792 non
682 749 917 792 obnoxium
949 749 1165 802 fortunae,
1193 754 1431 803 aeternum,
1457 750 1652 793 divinum
1678 755 1755 802 est,
1782 765 2022 805 numquam

206 822 351 863 amitti
377 821 538 875 eripive
566 825 710 875 potest
740 820 786 877 (5
801 820 926 878 O—6
940 820 1015 878 A).
1042 820 1312 863 Confirmare
1339 822 1426 864 iam
1451 836 1541 864 non
1567 837 1676 877 opus
1704 814 1770 865 est
1793 822 2020 877 pleraque,

207 907 320 947 quae
353 893 399 934 in
429 893 514 935 hoc
552 893 696 947 capite
739 893 957 947 leguntur,
1003 908 1155 948 quam
1185 893 1404 935 maxime
1437 893 1678 948 vulgaria
1710 892 1845 936 fuisse
1876 907 2019 948 neque

206 964 347 1006 solum
373 965 419 1006 in
443 963 806 1018 philosophorum
833 965 1008 1018 scriptis
1027 967 1233 1018 tractata,
1260 965 1338 1006 sed
1357 965 1403 1006 in
1423 965 1625 1007 omnibus
1647 964 2022 1020 disputationibus

207 1050 257 1077 ac
309 1035 704 1078 declamationibus
753 1031 885 1078 trita'
910 1049 1017 1078 esse.
1069 1034 1221 1090 Atque
1274 1036 1359 1078 duo
1410 1035 1497 1079 1001
1548 1050 1798 1079 communes
1850 1037 2018 1091 insunt:

206 1107 476 1161 comparatio
527 1107 755 1159 bonorum,
809 1121 1009 1162 quacum,
1059 1111 1108 1149 ut
1150 1107 1236 1159 hic,
1286 1107 1410 1149 locus
1464 1107 1516 1149 de
1560 1108 1773 1150 varietate
1816 1107 2020 1153 fortunae

207 1178 569 1232 coniungebatur,
602 1182 645 1220 et
675 1178 876 1220 laudatio
922 1178 1182 1220 eruditionis
1217 1177 1283 1220 vel
1322 1178 1567 1232 sapientiae
1599 1178 1666 1221 vel
1698 1178 2018 1234 philosophiae.

206 1248 331 1304 Quae
364 1263 432 1291 res
467 1250 629 1305 optime
661 1249 966 1293 Ps.-Isocratis
1011 1248 1209 1303 exemplo
1245 1249 1508 1302 illustratur,
1541 1250 1664 1305 Πρὸς
1695 1251 1855 1306 Δημόν.
1889 1252 1914 1293 6
1935 1263 2018 1303 sq.:

205 1323 342 1376 ἀρετή,
367 1321 417 1376 ἧς
442 1322 566 1365 οὐδὲν
591 1327 729 1376 κτῆμα
754 1322 1004 1376 σεμνότερον
1029 1322 1130 1363 οὐδὲ
1154 1322 1420 1377 βεβαιότερόν
1444 1323 1535 1370 ἐστι,
1561 1322 1845 1376 anteponitur
1863 1321 2021 1363 ceteris
2074 1321 2078 1325 ’

205 1392 348 1443 rebus,
381 1407 493 1446 quae
527 1397 629 1435 sunt
660 1395 824 1441 κάλλος,
855 1395 1046 1442 πλοῦτος,
1077 1394 1217 1448 ῥώμη.
1251 1392 1438 1446 Singula
1471 1392 1587 1435 bona
1618 1408 1779 1448 magna
1811 1407 1862 1435 ex
1895 1396 2020 1447 parte

206 1464 407 1506 similiter
432 1464 739 1518 repudiantur:
771 1465 923 1511 κάλλος
950 1496 959 1506 .
985 1497 993 1505 .
1020 1495 1030 1506 .
1064 1467 1088 1519 ἢ
1120 1465 1274 1518 χρόνος
1305 1465 1521 1518 ἀνήλωσεν
1547 1468 1572 1519 ἢ
1598 1465 1723 1511 νόσος
1753 1465 1937 1520 ἐμάρανε
1963 1489 2020 1495 —

205 1535 419 1578 Ps.-Plut.
451 1538 736 1591 ὀλιγοχρόνιον
769 1539 813 1578 et
845 1535 897 1577 de
929 1537 1078 1589 ὕγιείᾳῐ
1123 1536 1434 1590 εὐμετάστατον,
1467 1535 1626 1577 deinde
1656 1537 1835 1582 πλοῦτος
1872 1536 2022 1581 κακίας

204 1608 366 1663 μᾶλλον
399 1611 424 1662 ἢ
457 1608 774 1661 καλοκαγαθίας
806 1608 1012 1662 ὑπηρέτης
1044 1607 1148 1649 ἐστίν
1180 1631 1237 1636 -
1268 1605 1483 1648 Ps.-Plut.
1515 1608 1693 1653 καὶτοῖς
1722 1608 2023 1662 πονηροτάτοις

205 1681 396 1733 μέτεστιν,
439 1679 485 1720 111
528 1679 687 1720 virtute
731 1678 970 1732 utrimque:
1015 1679 1126 1733 μόνη
1171 1680 1459 1733 συγγηράσκει.
1505 1677 1673 1721 Similis
1717 1677 1840 1719 locus
1879 1680 2022 1720 exstat

209 1750 312 1792 ibid.
334 1751 389 1792 42
416 1751 559 1805 νόμιζε
582 1751 717 1806 μηδὲν
743 1752 843 1793 εἶναι
867 1755 952 1793 τῶν
978 1751 1267 1804 ἀνθρωπίνων
1290 1751 1476 1806 βέβαιον,
1503 1753 1547 1791 et
1572 1749 1815 1804 sapientiae
1840 1748 1938 1791 laus
1967 1749 2020 1791 18

206 1824 332 1877 σοφία
366 1823 445 1877 γὰρ
475 1823 611 1877 μόνον
640 1826 725 1864 τῶν
768 1824 992 1878 κτημάτων
1025 1823 1253 1865 ἀθάνατον.
1284 1821 1453 1863 Locum
1487 1821 1540 1863 de
1571 1820 1774 1863 fortunae
1805 1820 2022 1863 varietate

206 1897 517 1935 commemorat
543 1891 712 1935 Seneca
733 1897 925 1935 controv.
944 1893 969 1935 I
984 1894 1022 1947 8,
1046 1895 1098 1935 16
1120 1892 1193 1948 (cf.
1214 1893 1414 1946 Norden,
1434 1891 1602 1935 Antike
1621 1892 1839 1947 Kunstpr.
1855 1892 1880 1934 I
1899 1891 2020 1948 276);

204 1964 277 2006 hic
311 1978 409 2006 cum
439 1965 486 2006 in
519 1963 616 2006 aliis
647 1963 786 2018 bonis,
817 1968 910 2006 tum
941 1965 986 2006 in
1019 1964 1183 2006 divitiis
1216 1964 1500 2007 aestimandis
1534 1963 1776 2006 adhibetur.
1809 1962 1933 2018 Quae
1967 1962 2020 2005 de
2086 1978 2089 1979 ⁷

206 2036 361 2077 eadem
404 2049 450 2077 re
495 2036 610 2088 apud
660 2035 947 2089 philosophos
996 2036 1194 2089 aliosque
1238 2036 1474 2090 scriptores
1517 2035 1812 2088 inveniuntur,
1859 2035 2022 2089 partim

207 2106 506 2161 congruentia,
537 2106 697 2160 partim
731 2106 818 2148 alia
851 2111 969 2159 sunt;
1017 2120 1129 2161 quae
1175 2106 1366 2149 conferri
1395 2110 1594 2160 possunt,
1630 2106 1818 2148 breviter
1848 2118 2020 2158 enarro,

207 2178 379 2220 omissis
422 2178 477 2219 iis
508 2192 625 2219 nunc
667 2177 789 2231 locis,
833 2178 908 2232 qui
948 2178 1159 2220 iudicium
1189 2177 1496 2232 philosophiae
1528 2176 1765 2219 cuiuslibet
1796 2177 2023 2231 proprium

207 2251 454 2292 continent:
489 2248 695 2303 Xenoph.
728 2248 862 2302 Ages.
897 2249 981 2301 XI,
1025 2251 1078 2291 14
1115 2281 1123 2290 .
1152 2281 1160 2290 .
1191 2281 1200 2290 .
1234 2252 1258 2305 ἡ
1299 2250 1345 2291 δὲ
1375 2255 1448 2305 τῆς
1478 2254 1617 2304 ψυχῆς
1648 2250 1776 2304 ῥώμη
1805 2284 1812 2289 .
1839 2282 1848 2290 .
1876 2282 1883 2290 .
1916 2250 2020 2309 ᾶγήῇ

206 2323 333 2375 ρατός
365 2323 481 2370 ἔστιν,
511 2320 569 2363 id.
600 2319 736 2374 Apol.
769 2318 891 2363 Socr.
917 2321 1083 2363 παιδεία
1113 2355 1122 2363 .
1149 2354 1156 2362 .
1184 2353 1193 2362 .
1222 2322 1414 2375 μέγιστον
1439 2321 1623 2376 ἀγαθόν;
1654 2320 1798 2373 Plato,
1830 2319 2021 2362 Phaedr.

207 2393 290 2435 241
308 2392 357 2446 Ο,
399 2391 584 2446 (Theag.
622 2393 706 2434 122
722 2391 799 2449 D);
838 2391 1170 2446 Theophrastus
1217 2390 1267 2432 fr.
1303 2393 1357 2433 78
1404 2391 1457 2448 (v,
1490 2391 1563 2433 ΠΙ
1601 2391 1828 2446 Wimmer)
1869 2391 2021 2446 τυφλὸς

207 2465 230 2506 ὃ
262 2465 439 2510 πλοῦτός
482 2466 586 2506 ἔστιν
612 2496 620 2505 .
649 2497 656 2504 .
683 2495 693 2505 .
726 2464 796 2505 καὶ
826 2463 980 2518 ἄζηλος
1023 2463 1216 2517 ἆληῦῶςς
1263 2461 1439 2504 Cebetis
1482 2461 1636 2503 tabula
1668 2475 1704 2503 0.
1733 2462 1806 2503 18:
1840 2461 2021 2504 Παιδεία

207 2535 363 2577 ceteris
398 2534 520 2576 bonis
553 2535 853 2588 anteponitur;
886 2533 1059 2577 Vitruv.
1085 2532 1155 2575 De
1187 2532 1303 2575 arch.
1335 2531 1402 2576 VI
1434 2546 1526 2585 pro.
1558 2535 1584 2574 2
1622 2546 1810 2586 namque
1840 2546 1890 2573 6ιι
1919 2546 2021 2574 vera

200 2602 426 2662 praesidia
456 2610 564 2647 sunt
586 2606 711 2659 vitae,
743 2606 902 2660 quibus
929 2619 1065 2660 neque
1095 2605 1301 2660 fortunae
1333 2606 1557 2659 tempestas
1583 2617 1720 2658 neque
1739 2603 2019 2658 publicarum

206 2691 356 2720 ‘rerum
387 2677 567 2719 ιιιιιΐαΐιό
592 2691 729 2731 neque
754 2676 853 2718 belli
882 2677 1065 2718 vastatio
1091 2679 1234 2731 potest
1257 2689 1403 2718 nocere
1428 2673 1503 2731 (cf.
1531 2673 1748 2728 Stilponis
1775 2673 2020 2728 exemplum
2103 2672 2113 2680 “’

209 2748 327 2803 apud
358 2747 614 2802 Ps.-Plut.),'
636 2747 848 2789 laudatur
874 2746 1034 2789 deinde
1061 2745 1356 2800 Theophrasti
1384 2745 1563 2797 dictum,
1597 2759 1683 2798 quo
1710 2746 1851 2787 doc-tos
1869 2745 2021 2800 potius

207 2834 294 2861 esse
337 2833 470 2874 quam
507 2819 772 2874 confidentes
815 2820 1029 2874 pecuniae
1072 2818 1272 2861 homines
1315 2818 1472 2871 voluit3
1522 2816 1752 2859 Iamblich.
1801 2817 2019 2872 Protrept.

209 2904 242 2931 c.
271 2892 309 2943 8,
330 2892 383 2931 52
399 2890 444 2932 A
465 2891 612 2932 omnia
636 2891 753 2932 bona
774 2894 875 2932 sunt
894 2893 1162 2945 σκιαγραφία,
1182 2891 1316 2945 μηδὲν
1340 2891 1527 2946 βέβαιον,
1545 2889 1572 2930 1.
1598 2902 1635 2930 0.
1662 2890 1792 2944 ἰσχύς,
1824 2889 2020 2944 μέγεθος,

209 2962 372 3014 κάλλος,
406 2964 528 3016 τιμαί,
573 2963 710 3010 δόξαις
745 2963 782 3004 τί
821 2963 1001 3017 μακρόν,
1044 2964 1079 3003 τί
1119 2962 1399 3016 πολυχρόνιον
1438 2965 1523 3003 τῶν
1565 2961 1876 3014 ἀνθρωπίνων;
1919 2963 2020 3006 νοῦς

209 3031 329 3072 solus
362 3036 428 3073 est
459 3034 673 3075 ἀθάνατον
699 3034 768 3075 καὶ
798 3035 934 3085 θεῖονς
970 3031 1182 3082 Galenus,
1213 3031 1434 3086 Protrept.
1455 3045 1489 3073 c.
1516 3033 1555 3084 2,
1577 3032 1680 3086 τύχη
1699 3063 1710 3073 .
1729 3064 1740 3075 .
1762 3065 1769 3072 .
1801 3033 1929 3076 ἄνους
1949 3063 1957 3071 .
1979 3063 1988 3071 .
2009 3061 2020 3072 .

209 3103 269 3148 ὡς
300 3104 528 3152 πλουτίζειν
558 3104 652 3149 τοὺς
685 3106 877 3152 ἀναξίους
908 3105 1009 3146 οὐδὲ
1039 3104 1210 3150 τούτους
1239 3105 1442 3159 βεβαίως;
1477 3101 1644 3145 Seneca
1663 3102 1748 3156 Ep.
1779 3104 1845 3153 15,
1879 3103 1904 3143 5
1933 3133 1942 3142 .
1970 3131 1979 3142 .
2007 3131 2018 3143 .
