2138 3438
173 251 246 292 καὶ
275 251 376 304 ἔργα
418 249 573 292 παλαιὰ
615 250 687 291 καὶ
728 249 880 303 λόγους
924 250 1164 303 ὠφελίμους
1205 250 1249 291 ἐν
1289 251 1455 303 μέτροις
1486 252 1876 305 κατακοσμήσαντες
1907 282 1917 292 .
1943 285 1952 294 .
1977 283 1988 292 .

172 321 469 375 ῥαψῳδοῦμεν
492 319 693 375 αὐτοῖς-1).
725 318 842 361 Nam
865 322 1169 374 συγγράμματα
1200 321 1370 374 παλαιά,
1395 326 1539 375 χρῆσις
1568 325 1654 363 τῶν
1683 322 1869 377 βιβλίων,
1901 323 1987 363 ε’πι-

171 393 308 446 στήμη
331 404 428 433 meo
456 389 634 444 quidem
658 390 822 432 iudicio
843 391 1086 444 sapientiae
1111 390 1140 432 i.
1165 406 1200 433 e.
1226 390 1529 445 philosophiae
1554 391 1747 433 studium
1774 395 1989 446 spectant.

317 460 465 516 Quare
494 460 598 503 talis
629 461 854 515 praecepti
886 464 1008 515 origo
1041 460 1227 504 fortasse
1258 461 1379 515 apud
1409 461 1510 503 illos
1541 461 1826 516 philosophos
1858 476 1988 516 quae-

174 532 312 575 renda
343 537 422 583 est,
456 533 531 586 qui
564 532 753 574 aliarum
799 532 1099 575 doctrinarum
1131 533 1349 575 rationem
1391 532 1621 574 habebant-
1662 537 1794 588 atque
1837 533 1884 575 in
1926 536 1989 575 eis

174 603 493 658 cognoscendis
537 617 718 658 operam
760 603 1000 646 navabant.
1045 604 1167 659 Quos
1210 604 1424 658 imprimis
1455 603 1789 658 Peripateticos,
1829 603 1988 646 deinde

173 689 264 717 non
306 675 451 716 minus
494 674 666 716 mediae
698 674 833 717 Stoae
883 678 1124 717 sectatores
1168 674 1315 723 fuisse,
1357 689 1445 716 non
1490 679 1569 726 est,
1615 675 1733 729 quod
1775 674 1990 729 explicem

174 745 456 800 probemque.
488 744 588 800 Qua
619 759 667 787 re
698 745 867 787 factum
899 750 978 797 est,
1011 749 1060 788 ut
1090 749 1267 800 praeter
1298 750 1516 788 sectarum
1556 746 1780 788 doctrinas
1817 746 1988 800 sapien-

174 817 240 859 tia
270 817 370 871 ipsa
402 821 534 871 atque
564 817 726 858 veritas
756 816 1057 859 laudarentur.
1096 816 1301 859 Ceterum
1343 817 1667 859 Ps.·Plutarchi
1708 822 1991 871 praeceptum

176 887 355 942 vulgare
386 887 748 942 philosophorum
793 888 1034 930 sententias
1078 887 1329 930 accuratius
1372 887 1662 942 comparandi
1705 902 1859 930 ansam
1902 898 1991 930 nm

117 999 121 1001 .
176 958 370 1013 praebet.
396 957 542 1013 Quare
568 958 816 1014 Chrysippo
842 958 890 1000 id
915 958 1243 1000 attribuendum
1268 971 1379 1013 esse,
1403 972 1545 1013 neque
1572 972 1649 1001 cur
1674 959 1990 1001 contendamus
2065 957 2072 966 ’

174 1044 318 1084 neque
351 1044 430 1071 cur
459 1043 680 1083 negemus,
712 1029 935 1072 habemus

318 1100 555 1154 Reliquum
586 1105 666 1152 est,
705 1105 755 1143 ut
786 1101 920 1143 verba
950 1101 1054 1144 κατὰ
1091 1102 1136 1144 τὸ
1179 1102 1444 1156 γεωργῶδες,
1488 1115 1601 1155 quae
1646 1100 1834 1143 obscura
1877 1104 1990 1152 sunt,

177 1171 462 1227 explicentur.
496 1171 727 1226 Quomodo
758 1173 1060 1214 instrumentis
1093 1170 1358 1226 quibusdam
1388 1172 1435 1213 in
1467 1172 1739 1226 agricultura
1769 1186 1879 1226 opus
1911 1176 1989 1224 est,

178 1248 228 1285 ut
256 1242 426 1286 fructus
457 1242 581 1291 fiant,
627 1244 689 1284 sic
731 1243 779 1285 in
822 1243 1016 1286 scientiis
1061 1257 1112 1285 ac
1156 1243 1375 1296 sapientia
1417 1246 1612 1285 veterum
1656 1243 1852 1297 cogitata
1882 1243 1991 1285 reci-

176 1315 339 1370 pienda
369 1314 510 1368 iisque
542 1314 601 1355 ad
631 1328 746 1356 nova
778 1315 1085 1369 investiganda
1116 1316 1328 1358 utendum
1353 1317 1432 1356 est.
1463 1313 1668 1356 Eandem
1698 1328 1790 1356 rem
1823 1313 1992 1357 Seneca

179 1385 307 1428 aliter
345 1386 548 1440 exprimit
584 1385 668 1439 Ep.
703 1387 773 1437 84,
814 1387 839 1427 6
871 1387 986 1428 idem
1022 1388 1073 1428 in
1108 1388 1190 1442 his,
1227 1387 1388 1442 quibus
1417 1386 1604 1427 aluntur
1646 1387 1834 1440 inyem'a,
1864 1400 1990 1441 prae-

177 1462 357 1517 stamus,
388 1461 439 1499 ut
469 1471 765 1512 quaecuquae
790 1457 1035 1512 hausimus,
1065 1473 1155 1501 non
1175 1459 1406 1514 patiamur
1433 1458 1601 1511 inteyra
1631 1471 1732 1510 esse,
1763 1471 1817 1499 ne
1846 1457 1994 1500 aliena

178 1529 275 1570 sint.
307 1542 624 1582 concoquamus
652 1528 754 1570 illa:
786 1529 986 1583 alioquin
1009 1530 1062 1571 in
1091 1530 1344 1572 memoriam
1374 1528 1517 1581 ibunt,
1546 1542 1638 1569 non
1667 1528 1719 1569 in
1749 1529 1990 1582 zssnyeniuvm.

322 1597 544 1653 Quoniam
565 1597 700 1653 paulo
727 1603 829 1641 ante
850 1599 904 1640 de
929 1603 1072 1642 vetere
1097 1599 1377 1655 philosophia
1409 1598 1655 1652 quaesitum
1680 1602 1758 1646 est,
1788 1612 1906 1640 nunc
1938 1599 1993 1641 de

179 1684 267 1712 uno
300 1669 562 1723 philosopho
595 1670 843 1712 accuratius
882 1669 1126 1713 disserendi
1167 1671 1291 1713 locus
1336 1673 1416 1720 est,
1460 1683 1589 1723 quem
1632 1668 1991 1712 Ps.-Plutarchus

181 1740 456 1783 adamavisse
491 1740 675 1792 videtur,
709 1741 833 1782 cuius
865 1741 1016 1783 decem
1042 1741 1162 1784 dicta
1191 1744 1242 1783 12
1256 1741 1399 1783 D—-F
1425 1739 1580 1782 laudet
1610 1744 1744 1794 atque
1775 1740 1993 1794 explanet,

181 1811 535 1867 Pythagoram
566 1811 678 1853 dico.
713 1810 831 1853 Ante
863 1813 1013 1854 omnia
1045 1812 1457 1862 animadvertamus,
1491 1825 1579 1865 qua
1610 1811 1780 1853 ratione
1807 1812 1995 1866 scriptor

181 1897 234 1924 ea
266 1883 386 1925 dicta
423 1882 636 1938 proferat:
681 1883 870 1936 primum
901 1885 979 1935 rei,
1014 1897 1146 1937 quam
1175 1883 1367 1937 probare
1398 1881 1504 1933 vult,
1554 1881 1804 1936 respondet,
1849 1887 1995 1925 cetera

182 1958 330 1995 autem
363 1953 598 2006 adduntur,
630 1954 831 2008 quoniam
858 1955 966 2008 πρὸς
991 1957 1138 2009 ἀρετῆς
1162 1959 1301 2009 κτῆσιν
1325 1954 1598 2009 συμβάλλεται
1621 1953 1760 2007 ῥοπὴν
1790 1955 1870 1996 οὐκ
1902 1956 1994 1997 ἕλα-

181 2027 332 2080 χίστην.
365 2023 479 2067 Sunt
509 2039 611 2079 ergo
637 2023 920 2067 intercalaria
951 2039 1091 2079 neque
1119 2025 1178 2067 ad
1201 2024 1338 2067 totius
1363 2023 1503 2066 libelli
1529 2024 1861 2078 dispositionem
1886 2025 1994 2068 satis

183 2100 284 2149 apte
318 2095 550 2150 quadrant.
588 2095 864 2138 Concludere
900 2110 1131 2150 possumus
1164 2096 1419 2150 scriptorem
1451 2109 1474 2136 e
1504 2095 1624 2137 fonte
1651 2094 1798 2149 aliquo
1830 2095 1995 2150 Pytha-

183 2167 330 2221 gorico
362 2166 428 2209 vel
462 2181 548 2221 quo
592 2166 671 2208 illa
714 2170 951 2221 praecepta
994 2166 1373 2221 Pythagoreorum
1416 2165 1764 2220 explicabantur,
1804 2166 1996 2208 haurire.

182 2237 334 2292 Atque
358 2251 457 2280 eum
481 2252 571 2280 non
595 2242 687 2280 tam
719 2252 798 2279 sua
823 2237 1032 2292 proferre,
1061 2252 1193 2291 quam
1219 2237 1516 2292 Pythagorica
1542 2236 1659 2278 dicta
1684 2235 1906 2290 explicata
1929 2251 1996 2280 re-

184 2309 327 2364 cipere
351 2324 405 2351 ex
431 2323 482 2352 eo
508 2310 697 2352 maxime
723 2313 922 2364 apparet,
952 2308 1070 2363 quod
1094 2309 1330 2363 explicatio
1357 2307 1464 2350 dicti
1494 2309 1701 2362 „xvdffiwv
1719 2309 1996 2362 ἅπέχεσθαι“.·

183 2381 244 2423 ὅτι
263 2382 315 2424 οὗ
335 2382 402 2424 δεῖ
414 2382 702 2424 πολιτεύεσθαι
726 2380 864 2435 ipsius
886 2380 1096 2434 opinioni,
1124 2394 1257 2433 quam
1283 2380 1484 2433 exposuit
1511 2380 1533 2420 7
1549 2378 1676 2420 F-S
1690 2377 1748 2430 A,
1775 2379 1998 2421 contraria

184 2455 262 2493 est.
303 2450 352 2494 Si
383 2452 519 2506 igitur
551 2466 648 2493 eum
682 2456 903 2493 auctorem
937 2450 1128 2504 aliquem
1161 2451 1285 2505 sequi
1315 2449 1545 2504 probabile
1577 2453 1656 2501 est,
1688 2449 1803 2491 unde
1834 2449 1999 2492 habeat

185 2523 373 2577 scriptor
401 2526 534 2577 atque
565 2537 642 2565 cur
666 2522 814 2564 libello
841 2522 1009 2564 inserat
1035 2521 1153 2564 dicta
1178 2521 1516 2576 Phythagorica,
1549 2521 1850 2574 quaerendum
1879 2521 1998 2563 vide-

184 2597 270 2635 tur.
302 2592 426 2648 Quae
469 2594 632 2636 fuerint
674 2593 1052 2649 Pythagoreorum
1098 2593 1362 2646 aenigmata,
1408 2606 1461 2634 ex
1492 2591 1725 2633 Iamblichi
1755 2590 1898 2634 yerbis
1931 2592 1999 2634 De

185 2679 223 2706 v.
253 2664 380 2718 Pyth.
414 2665 468 2706 82
502 2665 729 2707 discimus:
763 2666 1010 2718 ἀκούσματα
1042 2665 1321 2706 ἀναπόδεικτα
1353 2664 1424 2705 καὶ
1454 2665 1553 2705 ἄνευ
1585 2663 1724 2717 λόγου,
1766 2664 1827 2705 ὅτι
1863 2664 2000 2709 οὕτως

185 2737 396 2789 πρακτέον
417 2770 424 2776 .
445 2767 476 2777 ..
497 2739 573 2777 aut
591 2738 630 2778 τί
644 2738 862 2790 πρακτέον.
890 2734 1014 2790 Quae
1034 2735 1147 2776 ratio
1173 2733 1423 2776 intercedat
1447 2733 1561 2775 inter
1581 2746 1732 2775 omnes
1753 2734 2000 2790 scriptores,

188 2806 264 2858 qui
294 2804 405 2847 talia
437 2808 688 2861 aenigmata
717 2806 945 2861 praebent,
974 2805 1046 2847 hic
1076 2819 1165 2847 non
1197 2809 1264 2846 est
1302 2804 1624 2855 disserendum3
1662 2803 1709 2845 id
1739 2819 1875 2845 unum
1908 2818 1999 2846 cer-

335 2922 363 2966 ¹)
388 2922 444 2957 Of.
470 2924 585 2957 etiam
611 2922 852 2967 Xenophont.
889 2921 1005 2956 Mem.
1042 2921 1062 2956 I
1089 2923 1110 2957 6
1138 2922 1182 2957 14
1214 2921 1437 2966 (Socratesz)
1458 2949 1466 2956 .
1488 2949 1496 2956 .
1518 2948 1527 2956 .
1557 2922 1651 2965 τοὺς
1674 2923 1897 2966 θησαυροὺς
1920 2927 2001 2957 τῶν

191 2982 317 3017 πάλαι
354 2986 495 3027 σοφῶν
531 2980 703 3026 ἀνὸρῶν,
739 2983 810 3025 οὓς
834 2983 982 3017 ἐκεῖνοι
1006 2982 1219 3016 κατέλιπον
1245 2982 1292 3016 ἐν
1313 2981 1480 3027 βιβλίοις
1503 2981 1748 3026 γράψαντες,
1786 2981 2002 3016 ἀνελίττων

194 3045 314 3085 κοινῇ
339 3041 412 3075 σὺν
436 3046 520 3086 τοῖς
543 3041 676 3086 φίλοις
700 3039 910 3086 διέρχομαι,
935 3043 973 3074 et
998 3039 1214 3075 Stoicorum
1233 3041 1448 3083 sententias,
1470 3039 1628 3085 Quintil.
1647 3039 1741 3076 Inst.
1768 3051 1822 3075 or.
1848 3039 1870 3074 1
1895 3041 1927 3084 1,
1953 3040 1998 3076 36

189 3098 288 3133 Phil.
314 3098 370 3133 De
395 3098 518 3134 sacrif.
545 3099 619 3134 Ab.
644 3101 683 3133 et
708 3099 814 3133 Caini
842 3100 899 3143 78,
923 3098 944 3133 Ι
969 3098 1040 3134 234
1064 3098 1125 3134 W.
