2138 3438
954 115 1250 156 —52-

193 259 301 309 πρὸς
332 256 380 297 τὰ
422 257 544 298 τέκνα
587 256 875 311 φιλοστοργίᾳ;
921 256 983 298 Μ.
1019 254 1172 298 Aurel.
1221 258 1260 308 5,
1305 257 1360 299 31
1405 259 1534 311 θεοῖς,
1578 263 1753 314 γονεῦσι,
1799 261 2010 314 ἀδελφοῖς,

194 328 367 381 γυναικί,
393 328 568 379 τέκνοις;
595 326 824 380 Horatius,
849 326 932 381 Ep.
963 327 1013 368 ΙΙ
1046 328 1087 377 3,
1121 329 1206 369 312
1232 329 1422 384 patriae,
1453 330 1622 383 amieis,
1647 343 1826 385 parens,
1856 330 2009 385 frater,

193 398 366 453 hospes;
411 397 603 451 Epictet.
632 397 754 440 Diss.
785 398 861 439 ΙΙΙ
893 399 962 450 21,
1005 399 1030 439 5
1076 401 1216 454 ἔνεγκε
1263 400 1459 455 ἀδελφόν,
1502 403 1671 455 πατέρα,
1702 402 1806 452 υἱόν,
1838 404 2010 456 γείτονα,

193 470 394 521 σύνοδον;
423 467 594 511 Seneca
619 469 704 523 Ep.
732 469 802 521 94,
834 471 855 511 l
892 501 900 510 .
930 501 939 510 .
966 470 1127 511 marito
1158 472 1324 524 suadet,
1349 472 1559 525 quomodo
1588 486 1633 514 se
1652 475 1778 527 ,σοφαί
1800 472 2008 514 adversus

193 554 385 595 uxorem,
421 541 560 596 patri,
603 541 812 595 quomodo
856 542 1003 583 educet
1045 541 1211 596 liberos,
1241 542 1431 596 domino,
1466 544 1675 598 quomodo
1705 557 1849 586 servos
1877 547 2007 598 reyat.
2067 571 2069 575 -

194 611 487 665 Oomparetur
528 614 759 665 praeterea
800 610 1028 654 Iamblich.
1060 612 1218 667 Προτρ.
1251 611 1372 655 XX:
1410 614 1627 670 θεοσέβεια
1655 647 1663 655 .
1690 648 1699 656 .
1732 615 1936 669 ἀψεύδεια
1962 647 1971 655 .
1997 647 2007 656 .

193 685 339 738 νόμοις
369 685 567 739 χρηστέον
594 717 602 725 .
629 714 638 724 .
669 683 776 736 πρὸς
802 684 1074 737 ἀνθρώπους.
1107 682 1278 738 Quibus
1306 698 1358 725 ex
1389 683 1497 727 locis
1526 699 1623 728 eam
1655 684 2008 727 distributionem

191 769 279 797 non
311 758 476 797 certam
509 753 746 809 quandam,
790 754 866 796 sed
899 754 1015 808 apud
1060 753 1171 796 alios
1203 754 1335 797 aliam
1368 769 1462 798 esse
1493 760 1689 811 apparet.
1735 755 1885 810 Atque
1915 756 2007 798 Pe.-

193 825 458 868 Plutarchus
502 839 600 866 cum
631 825 685 866 iis
729 824 822 866 fere
868 826 1089 879 congruit:
1135 828 1264 875 θεοῖς,
1296 833 1470 882 γονεῦσι,
1513 830 1818 884 πρεσβυτέροις,
1850 828 2010 882 νόμοις,

192 899 432 951 ἀλλοτρίοις,
483 899 672 951 ἄρχουσι,
716 899 862 952 φίλοις,
912 900 1084 952 γυναιξί,
1133 900 1303 952 τέκνοις,
1355 900 1540 946 οἰκέταις.
1603 897 1734 953 Quod
1779 898 1816 940 si
1864 900 2009 952 πατρίς

193 968 328 1020 deest,
360 970 485 1022 νόμοι
517 971 560 1009 et
598 970 796 1022 ἄρχοντες
824 968 871 1009 in
903 968 997 1010 eius
1028 968 1173 1011 locum
1205 969 1464 1023 succedunt3
1511 968 1688 1013 Stoicae
1722 969 1908 1011 rationis
1940 983 2006 1012 ar-

191 1043 445 1094 gumentum
495 1039 540 1080 id
589 1039 827 1093 praecipue
881 1039 1121 1092 habuerim,
1179 1040 1296 1095 quod
1351 1042 1556 1096 ἀλλότριοι
1613 1043 2008 1083 commemorantur

191 1111 304 1153 sicut
331 1110 385 1152 ab
411 1111 616 1165 Epicteto
644 1112 753 1159 ξένοι
778 1114 822 1153 et
849 1110 904 1153 ab
924 1110 1115 1153 Horatio
1142 1112 1291 1167 hospes
1304 1112 1350 1169 ι).
1384 1111 1449 1154 At
1474 1111 1667 1155 officium
1693 1126 1798 1166 erga
1823 1111 2009 1154 fratrem

190 1181 507 1237 praestandum
540 1181 690 1224 deesse
723 1181 1158 1225 animadvertendum
1185 1187 1263 1235 est,
1298 1183 1417 1238 quod
1449 1183 1612 1239 ubique
1645 1183 1734 1226 fere
1765 1182 2007 1237 legimus2).

192 1253 322 1308 Quod
347 1253 457 1295 locis
481 1252 675 1295 laudatis
700 1267 788 1296 non
817 1254 1019 1305 occurrit,
1052 1255 1199 1309 νόμοις
1223 1257 1478 1310 πειθαρχεῖν,
1511 1270 1537 1298 a
1563 1255 1810 1298 Stoicorum
1835 1254 2009 1297 ratione

191 1325 383 1367 alienum
402 1339 491 1367 non
511 1324 632 1376 est3).
651 1324 799 1367 Maior
818 1328 965 1367 autem
992 1324 1242 1367 differentia
1261 1326 1307 1367 in
1327 1339 1378 1368 eo
1400 1330 1477 1379 est,
1503 1326 1622 1381 quod
1642 1325 2007 1368 Ps.-Plutarchus
2075 1374 2078 1377 ¹

191 1395 338 1439 officia
363 1396 552 1438 hominis
578 1410 682 1450 erga
709 1409 752 1438 se
778 1396 1049 1450 praestanda
1080 1410 1220 1450 paene
1247 1398 1427 1450 omittit;
1464 1411 1566 1440 nam
1594 1410 1706 1451 quae
1740 1395 2009 1438 antecedunt

192 1470 368 1522 (γνῶναι
411 1469 448 1510 τί
492 1469 537 1510 τὸ
580 1468 712 1510 καλόν
755 1470 865 1520 etc.),
915 1468 969 1509 de
1010 1469 1128 1509 omni
1171 1482 1340 1510 morum
1383 1468 1635 1523 cognitione
1678 1467 1826 1510 valent
1863 1480 2007 1522 neque

191 1539 428 1593 quicquam
470 1539 516 1579 in
561 1539 731 1593 agendo
774 1538 1064 1593 praecipiunt.
1112 1537 1253 1581 Stoici
1297 1543 1453 1581 contra
1496 1539 1750 1594 philosophi
1793 1541 1861 1580 est
1904 1541 2007 1581 ante

191 1610 351 1660 omnia,
396 1610 614 1664 quomodo
646 1610 775 1652 homo
820 1624 866 1652 se
910 1624 1013 1665 erga
1058 1624 1102 1651 se
1136 1610 1281 1664 ipsum
1313 1615 1455 1664 gerat,
1484 1611 1510 1653 i.
1544 1625 1579 1652 e.
1621 1609 1840 1664 quomodo
1872 1609 2006 1652 vitam

190 1682 322 1736 degat
366 1685 410 1723 et
453 1680 570 1723 bona
600 1684 773 1732 tractet,
815 1681 1091 1736 exponere4).
1134 1680 1285 1734 Aliud,
1329 1682 1453 1736 quod,
1493 1682 1644 1724 deesse
1677 1695 1806 1736 aegre
1839 1680 2005 1734 tuleris,

189 1753 235 1794 id
280 1753 399 1807 quod
430 1767 565 1807 supra
602 1753 804 1801 diximus,
850 1756 929 1804 est,
975 1753 1093 1807 quod
1123 1767 1213 1795 non
1257 1754 1392 1795 animi
1435 1768 1579 1796 mores
1622 1767 1764 1808 neque
1800 1753 2006 1795 virtutem

188 1825 330 1878 ipsam
374 1828 550 1877 tractat,
593 1823 669 1865 sed
714 1823 832 1866 solas
876 1824 1085 1877 actiones,
1129 1824 1288 1878 quibus
1320 1825 1459 1867 virtus
1499 1824 1767 1879 exprimitur.
1830 1823 1919 1867 Sed
1953 1837 2006 1866 ea

188 1909 258 1937 res
289 1895 471 1948 notioni,
502 1909 635 1949 quam
665 1894 801 1937 habet
833 1895 886 1937 de
917 1894 1211 1950 philosophia,
1245 1896 1495 1950 respondet.
1533 1894 1681 1950 Quare
1713 1899 1868 1938 auctor
1898 1895 2006 1949 quin

190 1967 246 2008 sit
278 1965 468 2019 Stoicus,
509 1966 621 2008 nihil
666 1966 825 2019 obstat,
868 1967 1041 2009 etiamsi
1085 1966 1161 2009 illo
1207 1967 1302 2022 ipso
1347 1971 1559 2022 tempore,
1605 1982 1690 2022 quo
1723 1966 2006 2022 philosophia

188 2037 416 2092 popularis
436 2038 551 2079 vitae
572 2037 852 2079 condiciones
873 2038 1226 2090 administrabat,
1247 2039 1362 2081 tales
1383 2038 1611 2093 opiniones
1632 2038 1752 2093 apud
1771 2038 2004 2094 plerosque

189 2108 386 2150 homines
418 2108 626 2161 eruditos,
661 2108 823 2150 nedum
856 2109 976 2163 apud
1018 2109 1306 2164 philosophos
1339 2109 1568 2152 eclecticos
1594 2109 1838 2164 vulgares5)
1869 2107 2005 2151 fuisse

190 2184 531 2222 consentaneum
569 2183 646 2221 est.
689 2178 808 2234 Quin
847 2181 982 2222 etiam
1016 2180 1068 2222 de
1102 2181 1258 2222 veteris
1291 2179 1426 2223 Stoae
1458 2180 1579 2223 fonte
1613 2181 1812 2223 conicere
1844 2179 2004 2235 aliquis

188 2250 317 2292 facile
360 2254 519 2305 potest,
562 2264 828 2305 quamquam
872 2251 965 2293 sine
1011 2251 1144 2293 dubio
1188 2251 1409 2304 virtutum,
1471 2251 1706 2303 actionum,
1759 2251 2004 2294 officiorum

189 2322 529 2376 explicationem
571 2321 707 2376 paulo
751 2321 1024 2364 subtiliorem
1069 2326 1202 2376 atque
1247 2326 1350 2364 ante
1395 2323 1541 2364 omnia
1583 2323 1723 2376 magis
1757 2322 2003 2365 doctrinam

190 2391 385 2435 Stoicam
416 2393 686 2436 redolentem
718 2397 1080 2448 exspectaremus.

334 2535 360 2580 ¹)
387 2534 496 2580 Quod
520 2538 651 2580 postea
687 2535 854 2571 officium
880 2547 968 2582 erga
1005 2537 1239 2583 ἀλλοτρίους
1275 2535 1429 2578 excidit,
1466 2535 1551 2570 ideo
1577 2540 1669 2579 πῶς
1693 2536 1917 2581 ἀλλοτρίοις
1940 2533 2002 2569 hic

187 2605 262 2627 non
289 2596 344 2628 est
369 2593 589 2639 eiciendum,
615 2595 713 2640 quod
739 2595 832 2630 fecit
855 2595 1027 2630 Hercher
1051 2596 1090 2630 in
1115 2595 1203 2630 edit.
1230 2594 1365 2641 (1872).

333 2664 360 2710 ²)
386 2665 482 2700 Nam
508 2665 799 2712 φιλαδελφία-3.
825 2665 961 2702 Stoicis
987 2667 1183 2712 permagni
1210 2665 1489 2708 aestimabatur,
1515 2664 1564 2699 cf.
1589 2664 1793 2701 Praechter
1818 2665 1842 2700 1.
1869 2666 1891 2700 l.

332 2735 361 2780 3)
387 2737 434 2772 cf.
461 2737 664 2772 Praechter
689 2738 712 2771 l.
740 2738 781 2781 l.;
820 2737 964 2782 Dyroff,
1002 2737 1090 2773 Eth.
1118 2737 1152 2772 d.
1179 2738 1244 2772 alt.
1271 2736 1326 2772 St.
1351 2748 1388 2781 p.
1413 2737 1498 2781 2223
1539 2735 1645 2771 Stob.
1683 2735 1766 2771 Ecl.
1792 2735 1834 2771 ΙΙ
1858 2748 1894 2782 p.
1923 2736 2001 2782 103,

191 2796 233 2830 10
260 2795 319 2830 W.
358 2796 428 2831 τὸν
452 2797 531 2842 γὰρ
567 2797 692 2841 νόμον
716 2796 816 2832 εἶναι
853 2795 1084 2841 σπουδαῖον;
1125 2807 1351 2841 quamquam
1389 2796 1534 2840 saepius
1570 2795 1671 2841 leges
1708 2795 1881 2840 traditae,
1907 2806 2001 2840 quae

189 2855 262 2900 legi
288 2855 465 2890 rationali
490 2866 691 2900 eorumque
717 2856 911 2891 doctrinae
935 2859 1201 2901 repugnarent,
1229 2849 1533 2901 repudiabanturss

331 2926 359 2970 ⁴)
387 2925 444 2961 Cf.
471 2938 501 2961 e.
526 2938 561 2971 g.
588 2926 714 2971 Epiet.
741 2927 835 2961 Diss.
862 2927 924 2962 III
954 2928 1008 2972 14,
1037 2928 1074 2971 73
1101 2928 1158 2972 21,
1185 2929 1206 2962 5
1233 2927 1280 2962 al.

332 2998 360 3039 ⁵)
386 2996 596 3031 Nonnullas
621 2998 735 3032 etiam
761 3009 907 3042 semper
931 2999 1046 3044 vulgo
1071 2987 1235 3043 viguisse
1262 3000 1552 3033 consentaneum
1577 2999 1646 3041 est,
1671 3001 1711 3032 ut
1738 2999 1899 3032 testatur
1924 2995 2001 3032 1³³.-

188 3054 374 3089 Isocrates
403 3056 510 3101 Πρὸς
535 3058 626 3102 Δημ.
646 3057 689 3091 13
710 3068 764 3101 sq.
791 3060 829 3092 et
855 3058 915 3092 16:
942 3059 1037 3103 τοὺς
1053 3058 1129 3102 μὲν
1152 3058 1272 3103 θεοὺς
1290 3058 1431 3104 φοβοῦ,
1455 3058 1550 3101 τοὺς
1567 3055 1615 3093 δὲ
1631 3062 1768 3102 γονεῖς
1786 3058 1884 3102 τίμα,
1907 3057 2002 3101 τοὺς

188 3112 234 3149 δὲ
260 3115 401 3159 φίλους
426 3116 619 3160 αἰσχύνου,
645 3121 727 3161 τοῖς
752 3114 799 3151 δὲ
824 3116 963 3161 νόμοις
988 3118 1139 3152 πείθου.
