2138 3438
933 130 1227 170 —14-

169 268 300 310 tionis
346 268 412 310 sit.
475 267 602 310 Haec
646 273 714 311 est
754 269 889 311 animi
929 269 1114 322 cultura,
1147 269 1364 312 malorum
1395 272 1645 326 remedium,
1677 271 1775 315 fons
1805 274 1991 327 virtutis,

169 339 384 393 magistra
423 339 540 381 vitae
583 341 626 393 (7
648 339 827 394 D—E).
891 340 1090 383 Libellus
1123 341 1257 395 igitur
1287 346 1404 385 recte
1435 343 1800 398 προτρεπτικὸς
1830 346 1998 400 λόγος,

172 411 246 466 qui
285 410 342 452 ad
380 409 769 464 philosophiam
809 411 955 463 ducat,
993 412 1081 454 dici
1112 412 1310 470 possit1).
1373 412 1533 457 Omnia
1564 414 1722 458 deinde
1752 415 1832 458 illa
1862 430 1996 471 prae·—
2032 398 2039 406 ς

171 485 312 536 cepta,
341 495 454 535 quae
479 495 643 536 magna
668 496 720 524 ex
746 488 871 536 parte
897 483 954 525 ad
980 498 1116 525 unum
1141 483 1343 536 tendunt,
1371 498 1483 538 quae
1508 484 1832 541 philosophiam
1856 488 1990 530 inter-

171 553 275 595 dum
312 551 440 595 valde
483 553 671 607 sapiunt,
712 567 824 607 quae
867 554 1122 609 diligentem
1164 568 1314 597 curam
1355 559 1399 598 et
1429 557 1740 610 experientiam
1771 557 1992 600 educandi

171 624 382 679 optimam
412 638 742 679 nonnumquam
777 625 1026 678 ostendunt,
1058 626 1175 668 unde
1206 626 1343 669 habet
1373 627 1592 682 scriptor?
1633 627 1755 684 Quas
1790 643 1861 671 res
1897 628 1992 684 ple-

170 709 353 750 rumque
385 696 431 737 in
462 696 605 750 ipsam
636 695 965 751 philosophiam
997 697 1270 740 revocandas
1303 711 1397 740 esse
1427 698 1545 741 infra
1577 699 1818 754 apparebit.
1870 700 1989 743 Nam

170 767 275 809 licet
305 767 544 809 nonnullae
576 781 658 821 reS,
690 767 744 809 de
778 768 938 822 quibus
971 769 1172 822 quaestio
1199 773 1276 820 est,
1303 769 1422 824 apud
1448 771 1683 825 scriptores
1710 772 1819 814 artis
1844 771 1994 815 rheto-

171 839 287 880 ricae
313 838 382 880 vel
405 838 451 880 in
478 838 850 892 disputationibus
876 853 928 881 ac
956 839 1353 883 declamationibus
1380 841 1596 884 consimili
1620 842 1750 885 modo
1770 846 1995 885 tractatae
2051 850 2057 855 ‘

171 912 275 952 sint:
307 923 434 952 nemo
467 913 546 963 est,
578 910 685 963 quin
718 914 914 952 oratores
945 911 993 953 in
1024 911 1234 962 thesibus,
1268 926 1381 966 quae
1414 912 1697 965 vocabantur,
1725 916 1874 956 omnia
1898 913 1994 956 fere

172 995 224 1023 ea
255 980 514 1022 tractavisse
547 981 671 1033 sciat,
705 995 817 1035 quae
850 981 1158 1036 philosophiae
1190 982 1370 1026 moralis
1403 987 1504 1026 sunt
1535 983 1605 1037 (cf.
1637 998 1780 1039 praec.
1807 983 1990 1040 Quintil.

170 1053 278 1095 Inst.
301 1066 361 1094 or.
380 1051 405 1094 Ι
424 1065 628 1106 prooem,
656 1054 681 1095 9
702 1054 783 1108 sq).
821 1052 974 1107 Atque
997 1054 1179 1096 dubium
1200 1068 1306 1097 sane
1328 1069 1417 1097 non
1437 1059 1516 1108 est,
1535 1057 1643 1110 quin
1675 1069 1708 1098 e.
1729 1069 1769 1110 g.
1801 1055 1994 1099 Ps-Iso-

173 1124 305 1166 cratis
337 1123 581 1166 cohortatio
615 1123 673 1165 ad
705 1124 993 1167 Demonicum
1025 1125 1174 1178 missa,
1208 1126 1327 1180 quod
1354 1140 1464 1181 opus
1489 1111 1642 1169 similis
1666 1127 1838 1181 generis
1863 1126 1992 1169 adhi-

170 1195 273 1238 bere
306 1194 552 1249 exemplum
584 1195 711 1237 nobis
743 1195 884 1247 liceat,
924 1200 967 1238 et
999 1196 1324 1239 Ps.-Plutarchi
1361 1196 1536 1240 libellus
1566 1197 1716 1239 multis
1745 1197 1856 1240 locis
1887 1211 1993 1240 con·
2047 1239 2051 1241 Α

172 1267 380 1309 sentiant.
413 1266 483 1307 Ex
515 1280 603 1319 qua
635 1280 681 1308 re
708 1265 817 1308 nihil
844 1267 1042 1321 sequitur
1067 1268 1153 1310 nisi
1176 1267 1293 1310 hunc
1318 1268 1577 1323 scriptorem
1602 1283 1691 1311 non
1716 1268 1995 1319 reconditam

172 1352 223 1380 ac
255 1337 462 1380 subtilem
493 1337 857 1392 philosophorum
890 1338 1137 1381 doctrinam
1169 1338 1374 1382 exhibere
1413 1365 1468 1370 —
1509 1340 1554 1381 id
1587 1339 1707 1394 quod
1737 1353 1864 1382 nemo
1896 1354 1991 1382 um-

173 1424 304 1465 quam
331 1409 568 1451 contendet
592 1434 649 1439 —
676 1409 753 1451 sed
780 1410 957 1464 saepius
982 1410 1029 1452 in
1054 1410 1309 1465 vulgaribus
1336 1410 1679 1465 cogitationibus
1699 1414 1742 1453 et
1761 1411 1993 1453 sententiis

173 1481 365 1524 omnium
410 1479 714 1522 communibus
756 1481 939 1524 versari:
990 1482 1066 1523 sed
1105 1482 1203 1536 quis
1241 1481 1352 1524 tales
1389 1495 1471 1534 res,
1510 1496 1621 1538 quae
1647 1482 1807 1535 ubique
1840 1481 1997 1524 obvias

172 1566 217 1595 se
256 1551 469 1606 praebent
509 1552 787 1606 omniumque
827 1552 1080 1595 notionibus
1122 1567 1174 1595 ac
1214 1553 1488 1602 sermonibus
1527 1554 1692 1605 insunt,
1725 1553 1901 1595 omnino
1934 1551 1992 1594 ad

171 1627 339 1666 fontem
382 1622 519 1665 ullum
562 1637 770 1665 revocare
814 1623 1000 1666 voluerit
1037 1638 1116 1678 pro
1159 1623 1307 1667 certo?
1369 1624 1518 1680 Quare
1557 1624 1603 1666 id
1645 1623 1865 1679 agendum
1895 1636 1996 1666 esse

170 1695 355 1748 videtur,
386 1698 434 1736 ut
466 1708 578 1748 quae
605 1695 734 1737 nimis
759 1695 963 1750 vulgaria
989 1709 1040 1737 ac
1072 1696 1176 1738 trita
1208 1695 1310 1748 sint,
1337 1709 1434 1738 cum
1463 1695 1520 1738 ad
1546 1695 1689 1738 fontes
1713 1694 1997 1749 indagandos

171 1765 303 1821 plane
334 1765 510 1808 inutilia
544 1766 643 1819 sint,
675 1766 1097 1820 praetermittantur.

315 1837 378 1879 Ut
414 1836 593 1879 tandem
630 1836 734 1879 huic
777 1838 1024 1892 quaestioni
1061 1837 1193 1879 finem
1230 1837 1411 1880 faciam:
1451 1836 1780 1879 Ps.-Plutarchi
1815 1835 1998 1878 libellus

173 1922 194 1950 e
245 1908 375 1949 variis
426 1907 625 1950 fontibus
676 1913 911 1962 congestus
961 1912 1039 1960 est,
1091 1922 1275 1963 quorum
1324 1908 1520 1951 indolem
1568 1911 1619 1950 ut
1662 1920 1994 1962 cognoscamus,

172 1978 536 2034 philosophorum
574 1980 740 2034 scripta
779 1980 1042 2027 excutienda
1075 1984 1188 2022 sunt.
1225 1980 1383 2035 Itaque
1415 1979 1601 2022 alteram
1631 1979 1762 2021 huius
1793 1978 1996 2033 opusculi

172 2055 341 2105 partem
369 2050 431 2092 sic
456 2050 644 2102 institui,
678 2055 738 2104 ut,
770 2065 1071 2106 quaecumque
1104 2051 1210 2093 alibi
1242 2052 1521 2106 reperiuntur
1545 2050 1676 2094 huius
1700 2049 1838 2092 libelli
1861 2049 1999 2092 rebus

174 2121 348 2173 similia,
381 2120 675 2175 proferantur.
710 2120 840 2176 Quod
868 2126 1015 2164 autem
1044 2123 1202 2174 omnia,
1238 2136 1350 2176 quae
1378 2122 1435 2164 ad
1455 2122 1764 2164 educationem
1782 2119 1995 2163 moralem

173 2192 240 2235 vel
273 2192 448 2234 omnino
481 2192 539 2234 ad
571 2206 716 2234 mores
749 2193 951 2244 attinent,
982 2193 1282 2247 comparanda
1314 2195 1428 2245 sunt,
1459 2206 1537 2235 eae
1571 2206 1743 2246 quoque
1768 2205 1850 2245 res,
1883 2205 1998 2246 quas

173 2264 361 2318 scriptor
399 2267 475 2305 aut
511 2278 600 2306 non
639 2267 717 2305 aut
755 2263 884 2306 aliter
920 2268 1098 2318 tractat,
1142 2263 1560 2306 animadvertendae
1598 2266 1713 2305 sunt.
1761 2261 1909 2317 Quare
1946 2261 1994 2304 id.

173 2335 281 2377 mihi
313 2335 617 2389 proposui,‘ut
650 2334 707 2377 ad
740 2335 915 2389 singula
947 2350 1092 2377 rerum
1125 2335 1274 2389 capita
1306 2349 1359 2377 ea
1391 2334 1620 2386 adferrem,
1646 2347 1760 2387 quae
1785 2347 1875 2376 non
1900 2336 1993 2375 tam

173 2406 318 2448 verbis
337 2406 404 2448 vel
424 2407 652 2448 sententiis
672 2405 898 2460 scriptoris
918 2406 1225 2461 respondeant,
1250 2406 1328 2448 sed
1349 2406 1405 2447 ad
1427 2405 1611 2448 eandem
1623 2419 1715 2446 rem
1729 2404 1997 2459 pertineant.

174 2477 226 2519 ld
265 2478 379 2519 enim
419 2477 501 2519 erit
539 2476 835 2527 efficiendum,
874 2481 924 2519 ut
961 2477 1237 2531 singularum
1275 2491 1420 2519 rerum
1459 2476 1650 2518 colorem
1687 2475 1911 2529 proprium
1950 2477 1996 2517 et

172 2547 418 2600 historiam,
457 2551 506 2590 ut
538 2562 588 2590 eo
621 2548 751 2590 verbo
784 2552 897 2602 utar,
929 2548 1221 2602 enucleemus,
1252 2548 1281 2590 i.
1316 2562 1349 2592 e.
1380 2551 1431 2589 ut
1462 2547 1583 2601 apud
1616 2560 1725 2601 quos
1757 2546 1998 2600 scriptores

175 2624 306 2661 natae
338 2619 407 2661 vel
438 2619 484 2660 in
517 2633 604 2674 qua
628 2619 910 2674 philosophia
936 2623 1060 2662 ortae
1087 2620 1187 2672 sint,
1219 2619 1338 2674 apud
1366 2633 1477 2674 quos
1501 2618 1735 2673 praecipue
1761 2616 1997 2666 valuerint,

177 2705 203 2732 a
236 2705 420 2745 quorum
453 2690 643 2745 denique
676 2691 848 2733 ratione
881 2695 999 2733 certo
1031 2690 1326 2733 removendae
1359 2690 1458 2741 sint,
1489 2690 1774 2743 inquiramus.

322 2807 347 2853 ¹)
373 2808 502 2853 Neque
528 2809 903 2853 praetermittendum
937 2811 993 2844 est
1023 2810 1061 2843 in
1092 2808 1362 2844 Ps.-Plutarchi
1396 2807 1527 2842 libello
1560 2806 1768 2850 complures
1793 2807 1917 2850 partes
1941 2805 1996 2839 ita

177 2869 324 2912 exponi,
349 2871 391 2902 ut
418 2869 455 2902 in
479 2868 692 2903 huiusmodi
719 2869 880 2913 scriptis;
922 2868 966 2903 de
993 2880 1151 2913 quorum
1176 2868 1302 2902 indole
1329 2878 1374 2903 ac
1398 2878 1521 2901 rerum
1548 2865 1791 2910 dispositione
1817 2863 1863 2899 cf.
1888 2875 1996 2909 prae·

178 2929 283 2972 cipue
311 2928 369 2964 W.
399 2927 626 2972 Gerhiiusser‚
668 2927 740 2962 Der
766 2927 1023 2972 Protreptikos
1050 2928 1114 2962 des
1139 2927 1361 2963 Posidonius
1387 2925 1497 2970 (Diss.
1525 2925 1645 2969 1912),
1669 2936 1704 2969 p.
1725 2924 1771 2959 34
1790 2936 1843 2968 sq.
1892 2923 2000 2958 Ante

178 2987 303 3020 omnia
321 2987 394 3021 huc
414 2987 577 3031 pertinet
595 2987 778 3021 bonorum
800 2988 1030 3031 comparatio
1045 2989 1082 3022 et
1095 2986 1351 3032 philosophiae
1371 2986 1451 3020 laus
1467 2983 1749 3027 officiorumque
1762 2982 1999 3018 enumeratio

177 3045 369 3090 (Ps.-Plut.
396 3046 417 3080 5
439 3046 538 3080 0—6
558 3047 605 3090 A,
629 3047 650 3080 8
670 3046 813 3091 A-B).
