2138 3438
910 120 1203 162 -35—

148 279 249 307 cum
274 262 539 319 Quintiliani
562 262 812 316 praeceptis
837 261 1008 316 magnis
1032 261 1243 316 largeque
1270 261 1568 315 comprobatis
1594 276 1682 304 non
1707 267 1824 305 recte
1850 277 1962 306 com-

147 335 311 391 parar-i.
344 358 399 364 ——
432 334 590 376 Restat
612 332 736 375 locus
764 332 935 387 dignus,
967 333 1043 386 qui
1069 332 1317 375 accuratius
1343 333 1630 386 examinetur,
1658 336 1684 376 3
1705 335 1738 376 F
1766 337 1965 390 καθάπερ

149 409 228 462 γὰρ
270 406 499 462 σφραγῖδες
538 410 623 451 τοῖς
665 405 841 451 ἁπαλοῖς
882 406 1230 458 ἐναπομάττονται
1271 409 1431 459 κηροῖς,
1489 407 1624 451 οὕτως
1667 407 1710 447 αἱ
1757 408 1963 461 μαθήσεις

146 483 231 525 ταῖς
273 482 359 520 τῶν
401 479 456 520 ἔτι
509 477 692 518 παιδίων
735 481 891 531 ψυχαῖς
943 477 1307 518 ἐναποτυποῦνται.
1371 473 1494 529 Quae
1550 475 1682 517 verba
1736 476 1963 530 Dyroffius

147 549 207 605 (p.
233 550 338 603 263)
371 546 568 602 appellat
602 546 842 600 „stoisches
870 545 989 588 Gut“
1025 545 1196 587 collatis
1221 545 1436 600 Diogenis
1455 546 1602 588 Laert.
1623 546 1765 588 verbis
1785 547 1878 591 VII
1906 551 1960 591 50

146 625 294 662 νοεῖται
326 620 372 661 δὲ
402 622 428 675 ἡ
461 620 664 673 φαντασία
696 621 721 673 ἡ
755 618 839 660 ἀπὸ
871 618 1136 672 ὑπάρχοντος
1159 618 1264 660 κατὰ
1287 618 1333 660 τὸ
1358 619 1552 672 ὑπάρχον
1581 620 1961 674 ἐναπομεμαγμένη

145 692 217 734 καὶ
234 691 634 744 ἐναποτετυπωμένη
653 690 725 731 καὶ
750 690 1188 744 ἒναπεσφραγισμὲνη;
1216 687 1331 729 idem
1352 691 1584 741 praeterea
1603 689 1662 743 (p.
1689 690 1774 731 263
1796 689 1896 731 adn.
1921 691 1964 743 l)

146 761 363 816 Diogenis
388 761 531 803 verbis
558 775 584 802 a
612 759 800 803 Stobaeo
828 759 1004 801 traditis
1030 763 1084 813 (v.
1111 758 1162 816 S.)
1188 759 1472 813 comprobare
1497 759 1572 801 ille
1593 759 1752 802 studet.
1787 758 1876 802 Sed
1908 775 1962 802 ex

146 832 224 874 illo
256 833 352 886 ipso
384 832 482 873 loco
517 831 641 886 sequi
671 831 780 872 mihi
825 830 1002 884 quidem
1033 819 1213 872 videtur‘
1246 844 1343 872 eam
1376 831 1511 872 animi
1543 831 1725 884 puerilis
1759 835 1802 873 et
1834 845 1960 874 cerae

146 903 518 957 comparationem
538 901 671 957 paulo
691 901 983 956 vulgariorem
1002 900 1150 954 fuisse,
1170 915 1269 943 cum
1295 902 1383 943 iam
1404 916 1430 943 a
1449 901 1640 944 Platone
1659 906 1886 956 usurpata,
1911 907 1961 945 ut

146 987 280 1028 supra
300 974 501 1026 vidimus,
523 973 681 1015 deinde
701 972 898 1027 profecto
918 972 1132 1014 facillima
1158 976 1201 1014 et
1216 977 1512 1015 consentanea
1539 973 1606 1014 sit.
1626 973 1862 1016 Praeterea
1883 974 1960 1016 illa

145 1045 359 1100 Diogenis
390 1044 524 1087 verba
556 1044 695 1086 solam
715 1044 772 1086 ad
805 1043 1054 1086 Stoicorum
1075 1043 1127 1085 de
1147 1044 1451 1097 cognoscendo
1475 1044 1719 1086 doctrinam
1739 1045 1960 1099 pertinent

147 1122 279 1170 atque
322 1117 368 1158 in
412 1130 465 1159 ea
508 1116 607 1169 ipsa
649 1129 698 1156 re
731 1114 1004 1168 Chrysippus
1043 1115 1222 1156 -censuit
1265 1117 1316 1158 οὗ
1342 1148 1351 1157 .
1378 1147 1423 1157 ..
1467 1117 1635 1158 δεκτέον
1671 1118 1744 1171 τὴν
1774 1118 1959 1160 τύπωσιν

144 1189 271 1231 οἱονεὶ
289 1189 432 1231 τύπον
462 1191 780 1242 σφραγιστῆρος.
814 1184 939 1240 Quae
968 1184 1217 1227 differentia
1243 1200 1347 1227 sane
1372 1186 1444 1227 hic
1470 1201 1559 1228 non
1584 1186 1770 1228 multum
1796 1192 1958 1241 potest:

145 1263 192 1301 at
234 1273 322 1301 non
366 1258 509 1299 minus
557 1256 787 1311 probabile
839 1259 905 1298 est
954 1257 1069 1298 hanc
1111 1256 1439 1299 Ps.-Plutarchi
1490 1258 1724 1310 imaginem
1774 1258 1828 1300 ab
1881 1258 1958 1301 illa

144 1327 395 1371 Stoicorum
445 1328 646 1371 doctrina
697 1327 885 1370 derivari
924 1341 1015 1370 non
1060 1331 1273 1381 oportere.
1323 1328 1471 1383 Quare
1517 1328 1817 1370 concludimus
1861 1343 1959 1372 eam

144 1401 378 1455 imaginem
410 1399 604 1442 Stoicam
641 1413 736 1441 esse
769 1412 910 1453 posse,
955 1399 1033 1440 sed
1064 1398 1303 1452 vulgariori
1342 1400 1661 1453 comparationi
1691 1400 1956 1453 respondere

142 1471 420 1530 verisimilius
447 1485 555 1513 esse.
592 1470 651 1513 Ut
675 1470 867 1522 tandem,
897 1483 1009 1525 quae
1037 1469 1181 1512 adhuc
1208 1469 1363 1512 effecta
1390 1470 1489 1521 sint,
1522 1470 1801 1524 complectar:
1835 1471 1958 1513 illam

145 1543 338 1585 omnium
382 1556 544 1594 eorum,
591 1541 852 1596 quibuscum
895 1541 1023 1596 pueri
1067 1546 1181 1593 sunt,
1231 1555 1381 1583 curam
1426 1541 1677 1595 diligentem
1718 1543 1955 1597 praecipue

144 1614 390 1656 Stoicorum
421 1612 556 1654 fuisse
583 1616 770 1667 apparet
802 1626 985 1668 eamque
1018 1617 1119 1654 ante
1153 1627 1301 1654 omnes
1328 1627 1351 1654 a
1380 1612 1627 1667 Chrysippo
1660 1613 1845 1654 maxime
1879 1614 1954 1669 ad-

142 1685 328 1726 bibitam
359 1697 467 1726 esse.
502 1684 628 1739 Quae
660 1687 806 1725 autem
839 1683 927 1725 alia
959 1683 1256 1737 postulantur,
1294 1698 1320 1725 a
1354 1687 1495 1725 vetere
1530 1682 1639 1726 Stoa
1673 1682 1819 1725 aliena
1851 1690 1970 1731 sunt‘

143 1759 276 1810 atque
321 1759 399 1797 aut
442 1753 699 1796 Aristotelis
744 1753 936 1796 colorem
980 1754 1194 1807 praebent
1243 1757 1321 1795 aut
1371 1753 1651 1808 opinionibus
1700 1753 1955 1809 vulgaribus

143 1826 390 1868 consimilia
410 1830 523 1867 sunt.
549 1824 698 1879 Quare
719 1825 768 1878 si,
787 1825 834 1866 id
854 1825 974 1878 quod
996 1824 1229 1866 verisimile
1250 1825 1434 1878 videtur,
1462 1824 1613 1867 Stoica
1633 1831 1954 1880 supponuntur,

143 1899 193 1939 in
242 1912 301 1940 ea
347 1901 584 1951 tempora
635 1895 1057 1938 descendendum
1102 1900 1191 1947 est,
1243 1895 1431 1949 quibus
1478 1894 1657 1938 Stoica
1711 1897 1954 1939 doctrina

142 1969 333 2011 alienis
367 1966 784 2023 cogitationibus
816 1966 1249 2021 permiscebatur.

283 2038 434 2092 Atque
466 2038 538 2080 hic
568 2037 693 2080 locus
725 2051 819 2079 esse
851 2037 1034 2089 videtur,
1068 2051 1180 2091 quae
1207 2037 1480 2080 Schickius
1511 2037 1624 2080 libro
1656 2038 1747 2080 iam
1778 2039 1952 2093 saepius

141 2125 166 2152 a
198 2124 266 2152 me
306 2109 502 2162 laudato,
543 2111 619 2163 qui
665 2108 880 2161 „Favorin
923 2111 1018 2162 περὶ
1047 2110 1214 2151 παίδων
1244 2115 1403 2164 τροφῆς
1442 2109 1533 2151 und
1575 2109 1644 2151 die
1687 2111 1833 2152 antike
1869 2110 1952 2152 Er-

138 2180 496 2235 ziehungslehre“
530 2180 795 2233 inscribitur,
825 2179 1114 2234 investigavit,
1145 2195 1198 2222 ea
1229 2180 1389 2222 addere
1415 2183 1459 2222 et
1485 2180 1538 2222 de
1565 2180 1657 2222 eius
1684 2182 1952 2234 argumentis

141 2252 248 2307 quid
278 2252 462 2294 sentiam
495 2250 688 2293 definire.
743 2250 881 2293 Cuius
913 2250 994 2292 viri
1025 2250 1143 2293 docti
1174 2264 1282 2305 opus
1315 2265 1412 2293 cum
1443 2253 1490 2292 in
1520 2265 1676 2293 manus
1707 2251 1813 2292 mihi
1843 2252 1951 2294 inci-

140 2323 252 2365 derit
275 2327 381 2375 tum,
409 2336 506 2365 cum
533 2321 791 2376 opusculum
816 2335 961 2364 meum
986 2321 1074 2364 iam
1100 2335 1239 2376 paene
1266 2321 1512 2364 confectum
1539 2325 1646 2374 erat,
1670 2336 1813 2376 neque
1839 2336 1950 2376 quae

138 2407 441 2449 exposueram,
475 2396 755 2445 commutare,
778 2406 922 2447 neque
949 2405 1059 2446 quae
1085 2397 1268 2447 uterque
1293 2393 1546 2444 invenimus,
1578 2393 1716 2435 eicere
1749 2397 1950 2447 oportere

139 2465 347 2521 censui¹):
395 2464 512 2519 quod
552 2465 589 2507 si
627 2464 759 2506 nimis
797 2463 932 2506 libere
975 2467 1107 2517 atque
1145 2463 1427 2518 neglegenter
1469 2463 1569 2515 feci,
1616 2464 1785 2506 veniam
1828 2478 1948 2518 rogo.

139 2535 368 2578 Schickius
406 2536 564 2587 locum,
603 2550 690 2590 quo
729 2535 783 2577 de
821 2535 989 2577 nutrice
1023 2535 1178 2588 agitur,
1209 2538 1384 2588 praeter
1417 2538 1562 2576 cetera
1591 2538 1755 2576 tractat
1786 2535 1948 2589 cogita-

137 2607 392 2660 tionumque
426 2607 517 2649 eius
550 2621 718 2649 summa
749 2607 861 2648 haec
894 2609 972 2648 est.
1013 2604 1339 2647 Ps.-Plutarchi
1370 2609 1713 2659 praeceptorum,
1746 2620 1859 2659 quae
1892 2606 1949 2648 ad

137 2678 330 2719 nutrices
361 2678 653 2732 omniumque,
685 2678 761 2732 qui
792 2678 836 2719 in
868 2677 1127 2719 educatione
1159 2679 1406 2729 versantur,
1425 2690 1567 2718 mores
1594 2676 1826 2730 pertinent,
1851 2676 1948 2718 fons

138 2748 374 2803 Chrysippi
402 2748 516 2792 liber
547 2753 626 2792 est.
661 2748 773 2792 Cum
799 2752 958 2796 autem,
984 2751 1032 2790 ut
1058 2748 1110 2789 iis
1136 2747 1280 2799 rebus,
1309 2761 1420 2801 quas
1445 2747 1676 2801 proferunt
1700 2748 1947 2790 Favorinus

138 2824 182 2861 et
207 2818 418 2871 Soranus,
451 2819 678 2873 probatur,
710 2833 764 2861 ea
796 2823 1034 2873 praecepta
1061 2818 1360 2861 communiora
1385 2817 1553 2860 fuerint
1578 2831 1716 2871 eaque
1744 2832 1796 2860 ex
1821 2823 1946 2873 parte

136 2889 333 2932 medicae
375 2891 482 2932 artis
523 2891 788 2945 argumentis
828 2891 938 2942 nisa,
977 2894 1206 2944 praeterea
1244 2888 1458 2932 nonnulla
1498 2889 1789 2940 inveniantur,
1833 2902 1946 2942 quae

138 2975 236 3002 cum
269 2959 437 3003 Sorano
468 2975 797 3015 nonnumquam
829 2961 1114 3015 congruentia
1155 2962 1197 3002 in
1230 2960 1567 3014 Peripateticos,
1599 2960 1810 3014 imprimis
1844 2959 1946 3002 Ari-

279 3053 304 3098 1)
330 3053 437 3089 Idem
464 3054 509 3089 de
533 3054 724 3089 nonnullis
749 3054 833 3089 aliis
858 3054 949 3089 locis
974 3055 1086 3098 valet,
1110 3055 1308 3099 praecipue
1340 3053 1385 3088 de
1411 3054 1463 3088 eis
1490 3053 1608 3095 rebus,
1635 3064 1725 3098 quas
1750 3053 1946 3088 Schickius

135 3124 172 3158 p.
188 3113 236 3149 40
261 3114 473 3148 summatim
497 3113 703 3149 adnotavit.

1805 3171 1847 3207 3*
