2138 3438
913 113 1207 154 -45-

152 258 234 312 γὰρ
270 257 408 302 ἄλλοις
446 256 604 311 ἡδονὰς
639 256 1024 308 παρασκευάζοντες
1061 254 1260 310 ἀμελοῦσι
1295 259 1368 296 τοῦ
1409 255 1542 296 καλοῦ
1575 271 1612 296 κ.
1644 272 1675 296 τ.
1707 255 1772 308 L).
1803 253 1967 297 Omnes

150 326 438 382 philosophos
455 324 575 380 plebi
595 326 842 367 contrarios
862 339 957 367 esse
977 323 1150 368 Seneca
1169 323 1401 366 confirmat
1418 324 1502 378 Ep.
1523 326 1592 377 29,
1621 326 1671 367 11
1699 339 1968 381 „numquam

155 399 274 441 volui
298 398 462 453 populo
487 397 658 452 placere
688 400 787 439 etc.“
823 397 922 451 quis
951 396 1060 439 hoc?
1081 430 1089 438 .
1112 428 1121 437 .
1145 427 1153 437 .
1192 395 1435 450 EpicuruS,
1465 397 1539 438 sed
1569 397 1681 438 idem
1713 396 1790 438 hoc
1821 410 1968 438 omues

151 469 235 511 tibi
258 483 310 511 ea:
334 468 458 510 omni
482 469 605 510 dom-o
630 468 974 522 conclamabunt,
999 467 1292 522 Peripatetici,
1323 467 1584 521 Academici,
1619 467 1768 520 Stoici,
1801 466 1964 522 Cynici.

147 542 246 596 quis
264 540 383 582 enim
397 539 565 594 placere
578 540 742 593 populo
756 543 909 593 potest,
933 539 1007 580 cui
1025 538 1169 593 placet
1186 538 1357 579 virtus?
1383 535 1531 591 Quare
1557 535 1806 579 Stoicorum
1834 537 1965 590 dicta,

149 624 263 665 quae
295 609 519 664 Dyroffius
552 609 749 662 contulit,
775 609 982 662 Zenonis,
1008 607 1249 656 Cleanthis,
1276 607 1511 663 Chrysippi
1537 608 1686 662 (Diog.
1713 607 1847 650 Laert
1871 608 1965 651 VII

152 684 235 725 182
262 685 300 725 εἴ
320 687 404 729 τοῖς
427 682 611 735 πολλοῖς,
635 682 734 734 εἷπε,
759 686 997 736 προσεῖχον,
1029 682 1109 723 οὐκ
1133 682 1186 721 ἂν
1210 681 1517 735 ἐφιλοσόφησα)
1543 680 1590 721 in
1616 682 1741 721 tanto
1770 679 1964 720 omnium

146 766 364 795 consensu
395 766 484 794 non
514 751 699 793 multum
730 751 878 793 valent
889 750 932 807 ¹).
964 750 1087 793 Nihil
1119 750 1242 792 aliud
1271 751 1405 804 igitur
1431 750 1632 802 efficitur,
1667 764 1800 804 quam
1827 750 1962 804 scrip-

146 827 287 866 torem
320 837 418 865 cum
452 822 649 865 Seneca
672 813 869 864 'maxime
902 822 1162 872 consentire,
1200 835 1299 863 cum
1330 835 1474 864 mores
1506 824 1549 863 et
1582 821 1794 863 orationis
1828 834 1963 874 genus

145 895 262 937 inter
293 909 339 937 se
373 894 624 948 coniungat.
656 894 775 936 Nam
807 895 832 936 6
853 892 888 936 O
920 893 1032 935 med.
1066 907 1178 945 eum,
1209 893 1285 947 qui
1310 892 1452 947 plebis
1479 892 1749 947 voluptatem
1776 892 1961 934 dicendo

146 966 330 1020 appetit,
350 965 495 1020 ipsum
515 979 690 1019 quoque
706 964 875 1007 deliciis
895 979 948 1007 ac
967 964 1083 1006 vitiis
1104 964 1299 1006 deditum
1319 977 1414 1006 esse
1434 963 1677 1017 confirmat,
1697 964 1802 1018 quia
1820 988 1878 995 —
1900 963 1962 1005 sic

147 1037 262 1079 enim
306 1036 652 1091 intellegendum
694 1039 761 1078 est
804 1061 859 1066 —
903 1036 994 1078 vita
1039 1050 1137 1077 cum
1182 1035 1382 1077 oratione
1421 1035 1635 1088 congruit.
1682 1035 1750 1076 De
1790 1049 1878 1088 qua
1915 1048 1962 1076 re

146 1105 315 1150 Seneca
345 1111 442 1150 tota
467 1107 656 1161 epistula
685 1108 780 1150 114.
808 1107 911 1160 agit.
937 1132 992 1137 —
1021 1106 1219 1161 Sequens
1243 1109 1541 1161 praeceptum,
1573 1106 1690 1160 quod
1718 1105 1771 1147 de
1798 1110 1961 1148 extem-

143 1178 288 1233 porali
327 1178 527 1220 oratione
564 1181 643 1231 est,
686 1192 786 1219 cum
821 1191 900 1232 per
937 1191 982 1219 se
1020 1177 1132 1219 nihil
1170 1191 1193 1219 e
1231 1177 1510 1231 philosophia
1548 1177 1713 1219 habere
1745 1176 1962 1230 videatur,

144 1263 242 1292 cum
275 1249 498 1292 rhetorum
528 1249 776 1303 praeceptis
808 1248 1154 1303 comparandum
1186 1253 1263 1305 est.
1296 1247 1345 1290 Si
1369 1248 1596 1291 Ciceronis
1628 1252 1673 1290 01
1697 1247 1957 1302 Quintiliani

143 1321 374 1375 opiniones
413 1319 670 1362 adhibemus
706 1319 818 1376 (Cic.
850 1319 919 1361 De
952 1333 1012 1362 or.
1050 1320 1074 1361 I
1115 1322 1211 1371 150,
1249 1318 1435 1374 Quintil.
1473 1319 1585 1361 Inst.
1620 1333 1681 1361 or.
1716 1319 1783 1363 [V
1818 1320 1856 1370 1,
1891 1320 1960 1373 54,

142 1391 206 1443 X,
234 1393 274 1443 7,
303 1394 324 1433 1
353 1392 578 1434 mamimus
603 1395 700 1434 vero
724 1392 973 1433 studiormn
999 1391 1173 1446 fructus
1197 1395 1260 1432 cst
1284 1395 1326 1433 et
1341 1392 1460 1433 velut
1470 1391 1724 1448 praemium
1743 1391 1958 1446 quoddam

142 1463 462 1518 amplissimum
487 1463 607 1517 lonye
632 1462 792 1504 laboris
817 1476 869 1504 ex
895 1466 1080 1517 tempore
1104 1461 1275 1504 dicendi
1299 1462 1521 1517 facultas),
1556 1461 1674 1503 hunc
1700 1461 1958 1515 scriptorem

141 1533 277 1588 paulo
303 1534 494 1575 severius
520 1533 683 1575 sentire
711 1537 913 1587 apparet3
941 1533 1020 1575 sed
1046 1532 1348 1588 Quintilianus
1374 1546 1550 1587 quoque
1570 1533 1619 1574 II
1639 1536 1677 1583 4,
1701 1535 1753 1575 15
1774 1532 1957 1574 nimiam

141 1603 367 1647 licentiam
386 1603 591 1658 repudiat
609 1605 906 1660 extemporalis
920 1605 1162 1659 yarrulz'tas
1189 1638 1197 1646 .
1218 1638 1226 1646 .
1248 1638 1256 1646 .
1277 1604 1577 1646 circulatoriae
1600 1618 1690 1646 vere
1710 1604 1958 1646 iactationis

141 1679 214 1718 est.
258 1675 621 1718 Ps.·Plutarchus
657 1689 747 1717 11011
785 1679 932 1717 utrum
974 1675 1115 1717 oratio
1158 1673 1467 1729 extemporalis
1508 1675 1685 1717 omnino
1726 1673 1957 1729 probanda

142 1747 199 1789 sit
228 1760 378 1797 necne,
414 1746 600 1800 quaerit,
639 1745 717 1788 sed
748 1750 964 1800 quatenus
1000 1746 1046 1788 in
1082 1745 1263 1787 iuvenili
1301 1746 1614 1788 exercitatione
1651 1759 1746 1788 esse
1779 1745 1956 1798 debeat;

142 1831 280 1873 quare
312 1831 412 1859 eum
443 1818 488 1859 in
518 1821 768 1872 praecepto,
802 1817 921 1871 quod
953 1818 998 1859 in
1032 1817 1311 1859 institutione
1339 1817 1535 1859 oratoria
1561 1831 1732 1871 semper
1756 1817 1955 1871 viguerit,

140 1889 350 1943 temporis
392 1888 459 1930 sui
500 1902 628 1930 11811111
670 1890 889 1942 respicere
932 1901 1077 1942 neque
1121 1887 1328 1930 contendi
1370 1901 1511 1942 neque
1556 1888 1758 1942 protinus
1800 1888 1954 1942 negari

139 1964 296 2016 potest.
316 1960 554 2002 Praeterea
574 1958 627 2001 de
646 1958 763 2000 civili
789 1959 987 2001 oratione
1015 1959 1166 2013 aliqua
1193 1958 1320 2001 addit
1344 1959 1531 2000 Periclis
1555 1958 1952 2013 Demosthenisque

140 2030 350 2085 exemplis
383 2029 605 2072 adhibitis.
630 2029 890 2087 Periclem2)
916 2030 1069 2072 eodem
1095 2030 1225 2072 modo
1253 2030 1310 2072 ad
1334 2033 1618 2084 praeceptum
1643 2028 1952 2072 illustrandum

140 2101 408 2144 Plutarchus
439 2100 586 2143 adfert
614 2101 768 2144 Praec.
808 2115 897 2155 ger.
937 2102 1041 2155 reip.
1081 2103 1166 2143 803
1187 2101 1224 2142 F
1263 2103 1436 2156 μάλιστα
1477 2102 1555 2156 μὲν
1592 2101 1669 2144 οὖν
1705 2103 1953 2157 ἐσκεμμένῳ

139 2178 275 2228 πειρῶ
319 2174 389 2215 καὶ
431 2174 492 2228 μὴ
535 2173 716 2228 διακένῳ
759 2177 819 2227 τῷ
862 2173 977 2228 λόγῳ
1020 2174 1203 2228 χρῆσθαι
1223 2205 1232 2213 .
1254 2205 1262 2214 .
1285 2205 1294 2213 .
1337 2174 1475 2225 εἰδώς,
1523 2175 1584 2215 ὅτι
1627 2174 1698 2215 καὶ
1741 2173 1952 2227 Περικλῆς

139 2246 296 2291 ἐκεῖνος
327 2246 469 2299 εὔχετο
498 2245 583 2297 πρὸ
613 2248 686 2286 τοῦ
718 2245 975 2299 δημηγορεῖν
1004 2244 1114 2300 μηδὲ
1144 2245 1261 2300 ῥῆμα
1291 2244 1425 2298 μηδὲν
1456 2244 1671 2297 ἀλλότριον
1701 2248 1787 2285 τῶν
1816 2258 1951 2297 πραγ-

137 2317 284 2372 μάτων
313 2316 503 2359 ἐπελθεῖν
531 2317 657 2370 αὐτῷ.
689 2314 859 2357 Tamen
891 2315 1023 2356 etiam
1055 2315 1113 2356 ad
1145 2315 1290 2357 subito
1323 2314 1558 2356 dicendum
1590 2317 1805 2356 oratorem
1832 2327 1951 2355 exer-

139 2387 322 2429 citatum
361 2400 455 2429 0880
489 2385 646 2429 debere
683 2386 950 2428 Plutarchus
989 2390 1156 2439 censet;
1196 2386 1355 2429 deinde
1389 2400 1502 2440 quae
1534 2385 1671 2427 fuerit
1702 2385 1950 2428 Alcibiadis

138 2456 424 2506 consuetudo,
459 2456 766 2511 Theophrasto
801 2461 979 2499 auctore
1011 2457 1275 2513 narratur-⁹⁵).
1320 2456 1571 2501 Verisimile
1609 2460 1676 2498 est
1711 2461 1950 2511 praecepta

139 2542 289 2571 eorum
333 2528 593 2581 consentire,
635 2542 735 2570 cum
779 2532 962 2582 uterque
1006 2530 1170 2583 σκέψιν,
1220 2528 1606 2582 praeparationem
1650 2527 1950 2569 meditationis

138 2599 335 2641 suadeat.
365 2599 522 2654 Neque
548 2599 706 2651 differt,
731 2599 850 2653 quod
875 2599 1141 2641 Plutarchus
1168 2599 1411 2641 orationem
1438 2598 1774 2653 extemporalem
1800 2613 1947 2641 neces-

138 2670 299 2712 sariam
336 2669 430 2711 fere
469 2674 513 2712 et
549 2669 774 2712 efficacem
812 2684 908 2712 esse
946 2670 1176 2724 praedicat
1206 2670 1280 2723 (cf.
1307 2669 1336 2711 l.
1368 2669 1397 2711 l.
1429 2671 1637 2725 ἐκπλήττει
1674 2672 1847 2724 μάλιστα
1878 2672 1948 2712 καὶ

137 2743 387 2796 προσάγεται
428 2741 526 2788 τοὺς
560 2742 743 2788 πολλοὺς
778 2743 849 2784 καὶ
885 2737 1179 2797 μετατίθησιν),
1223 2755 1323 2783 oum
1366 2740 1727 2783 Ps.-Plutarehus
1773 2754 1946 2793 quoque

137 2815 223 2853 τῶν
253 2811 391 2866 λόγων
420 2812 495 2866 τὴν
524 2813 762 2867 ἑτοιμότητα
792 2826 881 2854 11011
913 2811 1127 2866 repudiet.
1153 2811 1285 2866 Quod
1310 2816 1458 2854 autem
1486 2826 1510 2853 a
1536 2811 1777 2853 Plutarcho
1806 2811 1945 2852 Theo-

278 2925 307 2970 1)
345 2926 403 2962 Cf.
433 2926 604 2962 Platonis
629 2926 720 2973 Leg.
751 2928 820 2963 659
835 2928 877 2971 Ο,
907 2928 971 2962 ubi
1003 2930 1184 2972 quantum
1213 2927 1333 2972 plebis
1366 2928 1562 2971 imperitae
1594 2926 1775 2961 iudicium
1801 2930 1839 2962 et
1864 2927 1945 2962 laus

136 2986 407 3030 vituperatiove
431 2985 643 3020 hominibus
667 2986 927 3030 philosophiae
951 2986 1011 3020 vel
1036 2987 1127 3021 artis
1151 2985 1325 3021 studiosis
1350 2988 1520 3029 noceant,
1546 2986 1754 3030 exponitur.

279 3043 309 3090 ²)
335 3043 391 3079 De
417 3044 666 3079 Demosthene
692 3044 740 3080 cf.
765 3045 926 3080 similem
952 3045 1075 3079 locum
1101 3045 1202 3079 Plut.
1228 3045 1319 3080 Vita
1344 3044 1451 3080 Dem.
1477 3045 1558 3080 849.

279 3103 307 3147 ³)
332 3102 441 3138 Idem
466 3102 612 3148 profert
635 3103 871 3149 Plutarchus,
897 3103 1032 3149 Quom.
1056 3104 1137 3148 quis
1161 3116 1188 3138 s.
1215 3105 1254 3138 in
1278 3104 1362 3140 virt.
1390 3106 1484 3139 sent.
1509 3103 1606 3149 prof.
1631 3103 1678 3140 80
1691 3104 1735 3141 D.
