2138 3438
933 129 1227 169 —12—

171 275 311 312 antur.
374 269 422 312 Si
465 269 600 324 igitur
642 269 897 312 conceditur
935 268 1133 311 libellum
1170 282 1193 310 e
1227 269 1360 311 variis
1391 268 1586 313 fontibus
1618 269 1991 326 conglomeratum

170 355 278 393 esse,
320 355 408 395 qua
447 340 607 382 deinde
646 341 717 382 via
757 340 1130 394 progrediendum
1170 340 1238 392 sit,
1279 344 1480 395 apparet:
1522 341 1721 396 singulae
1752 356 1822 385 res
1853 355 1992 388 secer-

169 412 354 464 nendae,
387 426 484 454 cum
517 411 703 454 aliorum
735 411 1078 466 cogitationibus
1110 410 1326 454 similibus
1359 411 1667 466 conferendae,
1699 414 1746 456 in
1775 418 1992 467 auctores,
2042 410 2045 413 ’

171 484 311 526 sicubi
338 483 488 537 aliqua
513 483 829 538 probabilitate
855 482 955 525 fieri
980 487 1140 537 potest,
1165 483 1439 526 revocandae
1465 488 1578 526 sunt.
1607 483 1696 527 Sed
1719 483 1796 526 ubi
1816 483 1994 528 fontes

171 555 270 597 illos
305 554 594 609 quaeramus?
646 555 815 609 Magna
848 554 1044 609 profecto
1079 553 1320 596 difficultas
1350 553 1423 596 hic
1453 554 1581 597 nobis
1614 555 1764 609 oritur,
1794 569 1883 609 qua
1914 555 1992 598 ad-

171 627 330 669 ductus
356 625 726 680 Wyttenbachius
758 640 847 667 non
881 625 989 667 satis
1022 629 1137 667 recte
1172 625 1223 667 de
1257 624 1405 667 libello
1431 625 1650 669 iudicasse
1675 626 1783 668 mihi
1807 626 1995 669 videtur.

173 698 346 740 Audias
378 697 493 739 enim
526 711 702 750 quaeso,
735 710 843 750 quos
876 696 950 738 ille
982 697 1046 738 vir
1079 696 1233 738 doctus
1263 695 1411 739 fontes
1441 696 1568 745 nobis
1599 697 1827 751 praebeat:
1859 696 1994 753 (Ani-

170 768 312 811 madv.
337 784 379 823 p.
398 770 470 823 13)
499 772 730 823 praecepta
761 768 896 810 huius
929 768 1063 810 libelli
1093 769 1372 810 continentur
1404 768 1506 810 locis
1535 769 1853 823 communibus,
1885 783 1989 811 sen-

174 842 324 883 tentiis
357 840 599 893 tralaticiis,
641 840 730 881 sive
762 840 845 881 levi
873 853 923 881 ac
954 841 1160 881 mediocri
1186 853 1430 894 paucorum
1466 842 1506 881 et
1541 840 1994 895 frequentissimorum

169 915 399 954 auctorum
431 911 619 965 lectione,
655 911 745 952 sive
776 924 827 952 ex
864 911 1146 965 quotidianae
1184 911 1297 952 vitae
1334 924 1529 952 sermone
1565 912 1787 966 susceptis.
1834 910 1994 965 Neque

172 982 476 1036 gravissimum
518 981 562 1022 in
603 995 655 1022 ea
696 995 743 1022 re
786 985 1091 1035 argumentum
1133 981 1265 1023 situm
1306 994 1401 1023 esse
1433 981 1586 1035 negari
1618 985 1778 1036 potest:
1824 981 1902 1023 sed
1934 982 1993 1024 ad

171 1053 429 1107 scriptorem
462 1052 601 1106 magis
626 1052 828 1106 pertinet,
861 1066 992 1106 quam
1024 1051 1082 1094 ad
1114 1066 1193 1094 reS.
1228 1050 1293 1094 At
1325 1054 1362 1093 si
1390 1052 1759 1106 Wyttenbachius
1790 1052 1996 1095 omnibus

168 1124 310 1167 modis
341 1128 460 1166 recte
493 1124 674 1173 censuit,
701 1124 913 1179 quaestio,
942 1138 1074 1178 quam
1098 1124 1420 1178 proposuimus,
1446 1123 1636 1166 fontium
1662 1123 1994 1178 indagationem

170 1196 283 1244 dico,
333 1209 691 1249 supervacuanea
730 1199 861 1249 atque
905 1195 1031 1237 irrita
1074 1199 1152 1238 est.
1214 1193 1325 1249 Quis
1365 1196 1479 1237 enim
1511 1194 1655 1237 fontes
1685 1194 1994 1249 philosophiae

170 1271 354 1321 quaeret
384 1267 429 1308 in
461 1280 523 1319 eo,
557 1268 631 1320 qui
665 1266 904 1308 sententias
937 1266 1137 1320 vulgares
1170 1270 1214 1308 et
1243 1265 1450 1309 flosculos
1481 1266 1724 1309 rhetoricos
1756 1265 1996 1310 decantat?

170 1337 274 1381 Sine
307 1338 440 1380 dubio
473 1337 583 1379 illud
613 1337 825 1380 iudicium
858 1342 959 1380 ante
993 1338 1139 1380 omnia
1172 1342 1249 1379 aut
1280 1337 1558 1392 probandum
1592 1342 1670 1381 aut
1701 1337 1993 1381 refellendum

172 1413 254 1451 est:
281 1410 317 1451 si
343 1423 491 1451 verum
519 1414 595 1462 est,
622 1409 675 1450 de
701 1408 850 1451 libello
877 1409 966 1450 iam
992 1408 1103 1451 nihil
1131 1409 1318 1463 amplius
1345 1409 1508 1463 inquiri
1533 1413 1694 1463 potest,
1722 1409 1788 1451 sin
1814 1408 1993 1461 falsum,

172 1480 217 1521 in
249 1480 532 1534 philosophia
564 1494 708 1522 rerum
742 1481 864 1535 origo
899 1481 1051 1535 quaeri
1084 1484 1240 1535 potest.
1290 1480 1660 1535 Wyttenbachius
1693 1480 1746 1522 de
1779 1480 1995 1534 scriptore

173 1552 235 1593 ita
269 1552 473 1593 coniecit:
520 1550 626 1604 (An.
659 1567 698 1606 p.
726 1553 800 1607 29)
851 1584 860 1593 .
887 1584 895 1592 .
924 1584 933 1593 .
960 1553 1207 1606 discipulus
1238 1552 1401 1607 plenus
1433 1553 1602 1607 prioris
1639 1552 1841 1606 mayistri
1870 1551 1923 1605 (i.
1957 1565 1993 1593 e.

171 1623 368 1678 rhetoris)
395 1623 651 1678 praecepti-5,
682 1637 822 1665 novus
851 1624 903 1665 in
927 1623 1066 1666 schola
1092 1617 1323 1665 Plutar'clzi
1345 1657 1352 1665 .
1378 1655 1386 1664 .
1411 1658 1419 1666 .
1443 1623 1668 1678 problema
1691 1623 1766 1664 hoc
1792 1622 1997 1664 tractavit

172 1709 252 1736 sfuo
290 1708 416 1748 more,
454 1695 501 1735 id
536 1697 600 1736 est
635 1708 747 1736 mere
787 1695 1006 1748 rhetorice,
1046 1698 1097 1736 ut
1137 1696 1185 1736 de
1216 1698 1468 1749 aryumento
1500 1695 1682 1736 minime
1712 1694 1878 1749 coynito
1907 1693 1999 1736 sibi

166 1769 470 1820 perspectoque
501 1766 630 1820 quasi
660 1766 851 1808 chreiam
876 1770 1155 1820 componeret.
1187 1765 1380 1807 Deinde:
1417 1798 1426 1807 .
1453 1798 1462 1807 .
1491 1799 1500 1808 .
1530 1765 1728 1807 tractatio
1754 1765 1857 1807 locis
1883 1778 1996 1807 com-

173 1837 397 1891 munibus,
433 1837 714 1891 sententiolis,
750 1837 944 1892 flosculis
980 1837 1184 1879 oratoriis
1220 1837 1400 1879 aliunde
1431 1837 1639 1891 decerptis
1670 1836 1919 1878 continetur
1950 1838 1998 1878 et

176 1943 183 1950 .
211 1943 218 1950 .
244 1942 251 1950 .
275 1908 480 1950 Isocratci
503 1909 688 1963 eoeempli
712 1922 762 1950 ca:
784 1922 936 1963 yenere
961 1909 1203 1963 ὑποθετικῷ
1229 1912 1268 1950 et
1292 1913 1571 1963 παραινετικῷ
1589 1908 1777 1950 imitatio
1797 1910 1996 1961 apparet.

173 1979 369 2020 Primum
410 1979 542 2033 igitur
583 1979 882 2033 quaerendum
925 1984 1004 2031 est,
1043 1994 1147 2021 num
1179 1979 1251 2021 hic
1283 1979 1460 2021 libellus
1492 1977 1794 2033 opusculum
1827 1978 1995 2021 rheto-

174 2050 333 2091 ricum
366 2064 459 2092 esse
492 2050 646 2104 possit.
682 2049 770 2092 Sed
802 2055 1040 2106 antequam
1074 2050 1377 2104 quaestionem
1409 2049 1688 2100 absolvimus,
1720 2063 1866 2092 nonne
1897 2048 1997 2091 luce

174 2121 337 2163 clarius
369 2124 435 2162 est
467 2122 724 2175 scriptorem
759 2121 814 2163 ab
849 2122 966 2163 omni
998 2121 1223 2163 rhetorum
1255 2121 1476 2175 elegantia
1502 2125 1546 2163 et
1571 2135 1714 2163 rerum
1740 2119 1996 2163 tractanda·

173 2206 278 2235 num
316 2193 475 2246 peritia
508 2207 639 2248 quam
675 2193 930 2246 longissime
970 2191 1152 2234 abesse?
1196 2193 1325 2234 Licet
1361 2191 1543 2246 puerilis
1576 2192 1735 2234 aetatis
1766 2191 1900 2235 fuerit
1931 2191 1998 2233 di-

175 2263 382 2318 scipulus,
412 2278 558 2307 nonne
585 2278 683 2306 eum
709 2264 1024 2305 tractationum
1058 2263 1429 2305 conficiendarum
1461 2277 1638 2305 normas
1669 2263 1911 2305 rhetoricas
1943 2276 1998 2304 eo

173 2336 314 2390 magis
347 2339 618 2377 servaturum
650 2335 783 2377 fuisse
817 2339 1160 2377 consentaneum
1191 2333 1284 2376 est?
1316 2334 1475 2388 Itaque
1501 2348 1554 2376 ex
1579 2331 1719 2376 ferma
1745 2333 1856 2375 illud
1881 2333 1997 2375 iudi-

176 2407 289 2448 cium
321 2407 454 2460 plane
485 2421 574 2448 non
605 2406 830 2460 probatur.
860 2406 978 2448 Nam
1009 2405 1143 2448 facile
1174 2406 1415 2461 praeterire
1447 2405 1550 2447 licet
1581 2405 1753 2459 aliquas
1783 2404 1998 2447 formulas

176 2477 362 2529 dicendi,
405 2492 515 2532 quas
552 2477 923 2533 Wyttenbachius
963 2478 1075 2520 mori
1115 2477 1333 2520 rhetorico
1374 2476 1613 2519 vindicavit
1652 2481 1701 2518 ut
1734 2478 1755 2518 1
1778 2475 1824 2518 A
1855 2478 1957 2519 τί..
1984 2508 1997 2518 .

175 2551 277 2604 φέρε
296 2551 575 2604 σκεψώμεθα,
604 2551 628 2590 2
645 2549 687 2590 D
714 2551 785 2592 καὶ
810 2551 920 2604 μόνα
946 2567 980 2591 ν.
1001 2567 1033 2592 τ.
1054 2550 1102 2601 L,
1132 2550 1157 2591 8
1178 2549 1218 2590 Β
1245 2551 1314 2592 καὶ
1334 2582 1342 2590 .
1365 2584 1372 2591 .
1395 2583 1403 2590 .
1425 2550 1656 2604 διατρίβειν,
1684 2546 1808 2600 aliaS,
1835 2546 1999 2601 quibus

175 2619 286 2662 nihil
318 2620 518 2672 efficitur,
551 2620 670 2674 quod
701 2619 813 2662 tales
845 2619 1050 2663 flosculos
1083 2620 1244 2674 ubique
1277 2620 1474 2662 invenias
1499 2633 1640 2673 neque
1666 2619 1712 2661 in
1736 2619 1818 2661 hoc
1844 2618 1997 2660 libello

175 2705 263 2733 non
296 2691 408 2733 aliae
443 2696 689 2745 occurrunt,
722 2706 833 2746 quae
866 2691 1229 2746 philosophorum
1255 2691 1402 2746 potius
1429 2690 1607 2732 dicendi
1633 2704 1769 2745 genus
1796 2689 2001 2732 redolent

175 2766 226 2803 ut
260 2764 281 2804 l
306 2761 350 2803 A
382 2763 541 2817 βέλτιον
575 2765 613 2805 δ’
643 2765 744 2810 ἴσως
770 2764 854 2805 ἀπὸ
875 2795 883 2804 .
904 2796 912 2805 .
934 2795 943 2805 .
963 2764 1184 2817 ἄρξασθαι,
1216 2765 1241 2804 2
1264 2761 1308 2804 Α.
1327 2795 1337 2805 .
1358 2797 1366 2805 .
1386 2794 1396 2804 .
1415 2763 1605 2817 εἰρήσθω
1624 2778 1709 2818 μοι,
1729 2761 1828 2803 alia.
1862 2761 1996 2804 Prae-

176 2836 296 2875 terea
328 2834 398 2875 cui
430 2834 747 2876 rhetoricarum
778 2834 1092 2876 tractationum
1125 2833 1273 2887 generi
1303 2832 1479 2875 libellus
1512 2832 1694 2874 attribui
1725 2832 1876 2887 possit,
1906 2845 2002 2878 non,

175 2903 456 2959 intellegitur.
490 2904 702 2959 Quaestio
736 2905 834 2959 ipsa
865 2919 954 2947 non
986 2905 1209 2947 rhetorum
1239 2917 1360 2946 more
1386 2903 1643 2957 concipitur.
1677 2903 1870 2946 Theonis
1895 2917 1995 2958 pro-

177 2989 433 3030 gymnasma
459 2977 567 3030 Περὶ
592 2982 663 3031 τῆς
693 2981 779 3019 τῶν
810 2978 920 3019 νέων
945 2979 1115 3032 ἀγωγῆς
1145 2975 1293 3033 (Rhet.
1320 2973 1478 3018 Graec.
1505 2974 1570 3016 ed.
1598 2973 1756 3030 Speng.
1783 2990 1819 3018 v.
1844 2974 1894 3017 II
1920 2973 1999 3031 56)

177 3046 359 3088 multum
401 3046 557 3100 differt,
599 3062 695 3089 cum
737 3047 833 3089 sola
870 3052 1108 3102 praecepta
1140 3047 1377 3098 contineat,
1411 3059 1522 3100 quae
1555 3046 1614 3088 ad
1645 3059 1771 3089 usum
1805 3044 1996 3097 dicendi,

178 3118 411 3171 scriptores
442 3117 651 3171 legendos
683 3118 1023 3172 imitandosque‚
1057 3117 1206 3160 stilum
1238 3116 1569 3172 perpoliendum
1602 3122 1815 3171 spectant.
1845 3111 1998 3170 Atque
