2138 3438
913 162 1208 203 —65·—

155 303 309 347 Aristo
341 304 458 346 enim
489 304 620 346 lei-em
651 317 749 346 eam
781 316 875 345 esse
907 306 1031 345 ratus
1063 302 1249 356 (Seneca
1279 301 1362 355 Ep.
1390 303 1458 354 94,
1490 300 1537 358 2)
1570 300 1740 343 abiecit.
1803 301 1972 344 Contra

155 389 285 431 quem
329 374 501 418 Seneca
542 374 625 428 Ep.
666 375 723 416 94
768 377 812 416 et
856 375 911 416 95
957 372 1242 428 comprobare
1287 371 1436 414 studet
1478 385 1575 414 eam
1619 371 1785 424 utilem,
1836 373 1971 414 etiam

152 446 447 490 necessariam
491 458 598 488 esse.
631 444 846 488 Senecam
890 448 1036 486 autem
1066 445 1112 486 in
1142 442 1368 486 Aristonis
1412 444 1680 497 argumentis
1717 442 1972 485 refellendis

153 517 367 572 imprimis
408 515 698 558 Posidonium
747 519 971 558 auctorem
1015 514 1222 557 adhibere
1265 513 1398 557 facile
1443 518 1510 556 est
1552 514 1797 568 intellectu,
1841 528 1971 568 quem

152 588 237 643 Ep.
271 589 340 640 94,
379 588 435 630 38
467 587 532 629 ita
573 586 745 629 laudet:
786 588 837 629 in
878 586 958 628 hac
987 600 1034 628 re
1075 586 1282 628 dissentio
1313 600 1341 627 a
1380 586 1614 628 Posidonio
1646 611 1702 615 —
1735 586 1781 627 in
1814 586 1971 627 ceteris

155 672 272 714 ergo,
305 658 560 710 adiciamus,
593 658 833 700 consentio.
879 657 1118 699 Praeterea
1149 670 1249 698 eum
1280 656 1337 699 ib.
1372 658 1442 708 95,
1478 659 1532 699 65
1567 656 1734 699 laudat.
1784 656 1855 697 Ex
1886 656 1971 698 hoc

151 729 250 772 loco
293 729 420 771 inum
463 729 774 784 philosophum
817 731 988 783 partem
1035 728 1362 782 praeceptivam
1410 727 1640 782 permagni
1687 730 1868 782 putasse
1919 741 1971 769 ac

155 800 390 855 diligenter
433 800 635 843 elimasse
674 800 833 842 elucet:
870 800 1136 842 Posidonius
1171 813 1262 841 non
1300 802 1475 840 tantum
1511 799 1859 854 praeceptionem
1887 833 1895 841 .
1925 832 1933 840 .
1963 831 1972 839 .

153 874 227 915 sed
273 873 405 915 etiam
451 873 702 914 suasionem
745 875 787 914 et
832 871 1164 914 consolationem
1215 874 1256 911 et
1302 870 1638 912 eaehortationem
1683 870 1972 912 nesessariam

151 943 330 986 iudicat.
361 945 430 985 his
460 944 593 985 adicit
624 957 862 985 causarum
892 942 1239 996 inquisitionem,
1282 942 1581 996 etymoloyiam
1608 975 1615 983 .
1645 976 1653 983 .
1685 974 1694 982 .
1726 941 1793 982 ait
1820 941 1973 982 utilem

152 1015 359 1069 futuram
390 1018 432 1057 et
460 1015 787 1069 descriptionem
816 1014 1029 1067 cuiusque
1055 1013 1258 1054 virtutis:
1291 1012 1404 1054 hanc
1427 1011 1694 1055 Posidonius
1718 1012 1973 1066 etlzoloyiam

152 1090 286 1140 vocat,
317 1086 496 1140 quidam
539 1085 912 1138 characterismon,
947 1085 1076 1139 siyna
1106 1084 1319 1138 cuiusque
1350 1084 1528 1125 virtutis
1559 1097 1610 1125 ac
1647 1084 1747 1126 vitii
1777 1087 1818 1125 et
1847 1085 1974 1125 notas

153 1158 397 1199 reddentem
493 1189 503 1197 .
533 1156 842 1211 descriptiones
872 1156 952 1197 luis
982 1159 1023 1198 et
1047 1188 1056 1196 .
1084 1189 1092 1197 .
1125 1188 1133 1196 .
1164 1155 1395 1196 iconismos
1426 1169 1477 1196 ex
1507 1169 1596 1196 usu
1627 1167 1714 1196 esse
1746 1154 1970 1208 confiteor,-

153 1226 258 1269 ibid.
299 1228 353 1269 72
398 1228 574 1281 (nempe
611 1240 664 1268 ex
702 1226 898 1267 eiusdem
937 1226 1192 1278 sententia):
1232 1226 1433 1280 proderit
1472 1239 1564 1267 non
1608 1229 1782 1267 tantum
1824 1226 1973 1280 quales

153 1311 242 1340 esse
272 1298 438 1340 soleant
469 1298 572 1339 boni
600 1298 687 1339 viri
718 1297 855 1338 dicere
882 1330 889 1338 .
917 1328 927 1337 .
955 1328 964 1337 .
995 1297 1070 1338 sed
1099 1297 1248 1351 quales
1272 1297 1447 1351 fuerint
1477 1310 1675 1350 narrare,
1707 1297 1972 1350 (sequuntur

154 1368 355 1423 exempla
385 1367 582 1421 Catonis,
613 1367 754 1420 Laeli,
788 1368 1036 1422 Scipionis).
1075 1366 1216 1422 Quem
1246 1368 1362 1409 inter
1394 1366 1637 1409 Clementis
1669 1369 1896 1422 ἠθοποιίαν
1928 1371 1975 1409 et

154 1441 318 1487 εἰκόνας
345 1443 478 1494 atque
503 1439 734 1481 Posidonii
764 1438 1032 1493 ethologiam
1055 1442 1099 1480 et
1123 1439 1358 1480 iconismos
1383 1439 1619 1480 maximam
1640 1438 1973 1480 similitudinem

155 1511 369 1552 interesse
413 1509 555 1565 fugit?
605 1509 856 1555 Verisimile
901 1510 1036 1564 igitur
1079 1513 1146 1551 est
1195 1508 1438 1551 Clementis
1489 1510 1730 1551 sententias
1769 1514 1846 1551 aut
1888 1510 1974 1563 ipsi

156 1581 397 1623 Posidonio
417 1581 567 1623 deberi
589 1585 666 1623 aut
685 1595 707 1623 e
726 1580 874 1623 media
894 1580 1004 1624 Stoa
1022 1579 1211 1622 fluxisse.
1237 1579 1458 1634 Quoniam
1479 1584 1626 1622 autem
1646 1579 1726 1621 illa
1745 1581 1971 1634 puniendi,

155 1652 378 1704 monendi,
411 1652 626 1694 laudandi
657 1653 857 1706 quaestio
883 1666 973 1694 una
999 1655 1131 1705 atque
1157 1652 1368 1693 continua·
1398 1655 1477 1703 est,
1511 1650 1973 1702 PS.-Plutarchum,

157 1723 560 1779 Quintilianum,
607 1723 874 1774 Senecam,
910 1722 1228 1766 Clementem
1258 1736 1421 1776 magna
1446 1735 1499 1763 ex
1524 1726 1650 1776 parte
1686 1736 1971 1776 congruere

155 1798 207 1836 et
237 1794 297 1836 de
327 1794 500 1836 media
533 1794 662 1837 Stoa
704 1793 932 1848 pendere
978 1792 1277 1847 compluribus
1310 1793 1579 1847 argumentis
1611 1793 1845 1847 probatum
1877 1807 1972 1836 esse

152 1865 263 1907 mihi
295 1865 473 1920 quidem
504 1866 689 1907 videtur.

297 1935 367 1977 De
411 1936 631 1978 educandi
669 1935 877 1977 subsidiis
910 1935 1018 1977 satis
1050 1935 1216 1976 dictum
1248 1938 1332 1987 est;
1381 1948 1498 1976 nunc
1532 1948 1645 1989 quae
1677 1936 1861 1977 virtutes
1892 1937 1971 1978 im-

75 2039 82 2046 .
153 2007 306 2060 primis
356 2005 612 2048 efficiendae
663 2007 763 2058 sint,
815 2006 1004 2048 breviter
1047 2006 1328 2048 disseramus.
1379 2006 1502 2061 Quas
1553 2007 1740 2060 scriptor
1789 2006 1972 2049 confuse

155 2081 334 2120 enarrat
378 2079 453 2131 (10
473 2077 630 2119 B-ll
653 2077 708 2131 O)
753 2077 1052 2132 exemplisque
1095 2077 1303 2120 illustrat.
1348 2075 1418 2120 Ac
1449 2078 1638 2131 primum
1681 2080 1973 2134 αἰσχρολογίαν

154 2148 395 2202 vituperat:
416 2148 541 2202 pueri
561 2162 588 2190 a
608 2148 815 2190 conviciis
837 2153 880 2190 et
899 2147 1188 2200 contumeliis,
1218 2147 1272 2190 ab
1294 2148 1569 2203 impudicitia
1590 2149 1765 2191 dicendi
1791 2150 1972 2192 arcendi

155 2223 270 2261 sunt.
294 2218 667 2273 Philosophorum
699 2233 927 2261 commune
951 2223 1236 2274 praeceptum
1256 2223 1338 2262 est:
1370 2224 1420 2261 ut
1444 2220 1507 2261 ait
1532 2219 1676 2273 Plato,
1697 2219 1790 2263 Pol.
1817 2222 1903 2263 395
1918 2221 1973 2271 E,

152 2303 243 2331 non
274 2289 380 2331 licet
409 2303 570 2344 pueros
611 2291 777 2332 imitari
814 2292 972 2344 ἄνδρας
1004 2292 1344 2346 κακηγοροῦντάς
1375 2309 1415 2333 τε
1447 2293 1515 2333 καὶ
1554 2293 1870 2347 κωμῳδοῦντας
1903 2295 1973 2335 καὶ

154 2362 554 2415 αἰσχρολογοῦντας;
589 2359 775 2403 Aristot.
808 2361 904 2402 Pol.
935 2361 1090 2404 1336b
1124 2365 1149 2403 2
1182 2363 1357 2417 εὔλογον
1382 2363 1459 2404 οὖν
1492 2363 1736 2404 ἀπελαύνειν
1769 2363 1853 2405 ἀπὸ
1885 2368 1971 2405 τῶν

154 2434 437 2486 ἀκουσμάτων
468 2433 538 2474 καὶ
562 2437 647 2474 τῶν
680 2433 908 2487 ὁραμάτων
940 2434 1232 2487 ἀνελευθερίας
1252 2466 1260 2474 .
1282 2466 1290 2474 .
1312 2467 1319 2475 .
1349 2434 1450 2474 ὅλον
1475 2434 1553 2487 μὲν
1573 2433 1650 2475 οὗν
1675 2435 1971 2489 αἰσχρολογίαν

154 2503 221 2544 δεῖ
245 2504 454 2556 ἐξορίζειν.
484 2505 533 2545 ἐκ
564 2504 644 2557 γὰρ
675 2508 749 2544 τοῦ
781 2506 968 2558 εὐχερῶς
1007 2504 1136 2558 λέγειν
1176 2504 1314 2546 ὁτιοῦν
1344 2508 1429 2545 τῶν
1461 2507 1648 2558 αἰσχρῶν
1693 2507 1865 2559 γίγνεται
1902 2507 1973 2547 καὶ

152 2573 198 2615 τὸ
239 2579 372 2615 ποιεῖν
414 2575 624 2628 σύνεγγυς.
669 2573 841 2628 Quibus
885 2573 1027 2615 verbis
1069 2573 1200 2615 huius
1245 2575 1470 2628 scriptoris
1515 2575 1744 2626 sententia,
1783 2590 1915 2629 quam
1947 2591 1973 2618 e

152 2642 408 2685 Democrito
441 2643 582 2697 affert,
613 2644 876 2698 explicatur:
907 2646 1029 2700 λόγος
1062 2646 1140 2700 γὰρ
1172 2648 1297 2700 ἔργου
1327 2647 1434 2700 σκιή.
1465 2645 1641 2687 Deinde
1675 2646 1794 2700 apud
1826 2651 1972 2700 poste-

154 2713 284 2755 rioris
317 2715 476 2756 aetatis
513 2715 703 2758 Stoicos:
738 2715 942 2758 Clemens
973 2715 1048 2757 Al.
1081 2716 1216 2759 Paed.
1250 2715 1298 2757 II
1331 2718 1370 2767 6,
1405 2718 1580 2758 49—52
1613 2716 1894 2770 reprehendit
1927 2719 1972 2760 τὸ

153 2785 295 2839 λέγειν,
327 2786 400 2840 τὴν
425 2787 572 2840 ἀκοήν,
596 2787 668 2841 τὴν
689 2788 795 2829 θέαν
813 2791 899 2828 τῶν
929 2790 1115 2841 αἰσχρῶν
1135 2791 1179 2828 et
1204 2801 1303 2828 cum
1329 2786 1573 2829 Aristotele
1602 2789 1838 2829 consentit:
1874 2788 1969 2844 (52)

154 2856 200 2897 τὸ
218 2856 298 2910 γὰρ
323 2857 368 2897 ἒν
386 2861 469 2902 τοῖς
487 2857 687 2910 ὀνόμασιν
713 2858 896 2899 ἀτακτεῖν
923 2858 1094 2912 μελέτην
1112 2859 1279 2911 ἐμποιεῖ
1299 2863 1371 2900 τοῦ
1393 2859 1462 2899 καὶ
1481 2861 1536 2904 εἷς
1555 2859 1602 2899 τὰ
1623 2860 1723 2913 ἔργα
1743 2861 1967 2913 ἀκοσμεῖν,·

152 2924 376 2967 Iuvenalis
409 2929 487 2967 sat.
523 2927 590 2979 14,
621 2928 678 2969 44
722 2928 840 2969 nihil
869 2928 988 2970 dictu
1030 2929 1206 2982 foedum
1249 2929 1433 2983 visuque
1475 2930 1575 2970 haec
1613 2930 1771 2971 limina
1809 2934 1973 2985 tangat,

153 2999 276 3041 intra
317 3012 427 3054 quae
463 3002 592 3053 pater
635 3003 718 3051 est,·
764 2999 958 3050 Tacitus,
990 2999 1110 3041 Dial.
1144 3013 1177 3041 c.
1205 3001 1260 3041 28
1304 3014 1450 3042 coram
1481 3015 1568 3055 qua
1612 3001 1800 3055 (subole)
1832 3017 1971 3057 neque

152 3070 290 3112 dicere
320 3070 392 3124 fas
420 3074 527 3124 erat,
558 3071 672 3124 quod
704 3075 830 3125 turpe
867 3071 999 3124 dictu,
1042 3084 1179 3125 neque
1208 3071 1359 3125 facere,
1390 3072 1506 3126 quod
1534 3071 1814 3114 inhonestum
1845 3074 1968 3128 factu

154 3141 384 3182 videretur.
427 3140 496 3182 De
539 3139 759 3182 veteribus
804 3144 959 3182 contra
992 3140 1154 3183 Stoicis
1196 3140 1307 3183 nihil
1349 3142 1457 3184 certi
1501 3142 1818 3195 contenderim3
1863 3158 1968 3186 nam

224 3234 476 3261 Dissertationes
493 3233 575 3268 phil.
597 3233 733 3262 Vindob.
754 3234 824 3261 XII.
1826 3227 1847 3260 5
