2138 3438
935 139 1228 182 -91-

174 283 221 322 et
249 279 408 322 Bionis
440 279 607 322 dictum
639 280 664 321 8
685 278 746 336 Β)
776 278 864 322 illis
890 280 1090 334 partibus
1116 281 1344 324 contineri.
1377 280 1465 336 Qui
1493 285 1639 324 autem
1663 282 1820 324 talium
1845 296 1990 325 rerum

174 349 318 393 fontes
354 349 535 402 fuerint,
575 350 800 404 inquirere
840 365 1001 393 vanum
1032 356 1111 403 est,
1152 365 1266 406 quae
1297 355 1364 394 est
1400 356 1556 395 nostra
1587 352 1708 395 illius
1738 352 1989 396 litterarum

174 422 348 477 generis
370 421 620 464 inscientia.
655 420 775 465 Satis
798 425 855 464 sit
880 426 1075 465 statuere
1094 422 1219 465 illas
1238 427 1417 479 partes
1437 423 1719 478 aliquatenus
1738 425 1988 480 populari

174 492 570 548 philosophiae·
593 496 644 535 et
692 493 998 547 vulgaribus
1042 494 1354 536 notionibus
1405 496 1596 537 maxime
1652 496 1987 550 respondere.

173 563 332 606 Totam
364 562 518 606 Stoam
548 563 929 618 perlustravimus:
961 579 1182 619 nusquam
1213 566 1284 608 cui
1316 566 1489 608 auctori
1514 565 1876 609 Ps.-Plutarchus
1908 581 1991 609 sua

173 634 346 687 debeat,
378 635 579 687 vidimus,
606 635 685 677 sed
710 636 782 677 cui
806 637 1008 691 tempori,
1040 650 1154 691 quae
1179 636 1354 678 exhibet
1379 635 1546 688 Stoica,
1579 636 1864 679 attribuenda
1890 638 1990 691 sint,

173 710 223 748 ut
251 705 359 749 mihi
390 706 568 760 quidem
599 706 787 758 videtur,
819 721 979 761 magna
1012 721 1110 749 cum
1140 707 1457 762 probabilitate
1489 709 1710 763 apparuit.

313 789 462 831 Locus
494 803 589 831 esse
620 789 806 842 videtur,
848 793 899 832 ut
931 789 984 832 de
1015 790 1071 832 iis
1102 790 1247 842 rebus,
1292 805 1402 844 quas
1445 791 1611 845 passim
1655 790 1860 846 vulgares
1892 805 1988 834 esse

172 859 492 911 contendimus,
538 864 582 902 et
614 860 667 902 de
711 860 995 915 philosophia
1032 874 1131 903 vere
1174 862 1393 916 populari,
1437 876 1534 904 eam
1578 862 1688 914 dico,
1733 876 1846 917 quae
1886 866 1988 904 ante

172 931 423 973 scholarum
449 930 674 973 doctrinas
702 935 745 973 et
769 934 946 985 praeter
972 945 1046 973 eas
1072 946 1242 987 semper
1266 931 1464 983 florebat,
1488 932 1679 975 breviter
1706 932 1987 975 disseramus.

170 1002 289 1059 Nam
307 1003 476 1057 ‘negari
513 1016 620 1045 sane
650 1016 742 1045 non
785 1007 933 1056 potest
973 1003 1088 1045 inter
1132 1003 1514 1046 Ps.-Plutarchum
1564 1008 1609 1046 et
1647 1004 1989 1047 Ps.·Isocratem

170 1074 294 1129 Πρὸς
329 1073 584 1130 Δημόνικον,
631 1074 749 1128 quod
792 1073 970 1116 illarum
1021 1074 1275 1129 opinionum
1325 1075 1570 1129 exemplum
1618 1075 1781 1118 habere
1825 1075 1987 1132 licet1)‚

167 1159 382 1187 summam
412 1159 502 1187 non
531 1159 633 1187 raro
666 1144 1000 1188 similitudinem
1030 1145 1319 1202 intercedere.
1351 1146 1518 1189 Tamen
1549 1147 1674 1189 illum
1715 1147 1877 1189 librum
1916 1145 1987 1189 vel

170 1211 305 1259 alium
335 1216 533 1259 eiusdem
577 1216 746 1272 generis
777 1216 1103 1259 Ps.—Plutarchi
1133 1216 1299 1259 fontem
1341 1217 1477 1260 fuisse
1521 1218 1627 1260 mihi
1677 1217 1855 1272 quidem
1886 1232 1987 1272 pro-

170 1286 317 1329 babile
359 1301 450 1330 non
492 1287 678 1340 videtur,
722 1302 987 1342 quamquam
1032 1288 1286 1330 coniectura
1335 1289 1562 1342 perfacilis
1599 1294 1666 1331 est
1691 1289 1764 1346 (cf.
1790 1290 1988 1331 Emmin-

170 1371 248 1412 ger
269 1358 298 1400 1.
323 1358 350 1401 l.
374 1358 660 1414 „schliesslich
679 1358 738 1401 ist
763 1360 825 1401 sie
843 1358 1037 1401 vielfach
1057 1358 1195 1401 durch
1204 1358 1510 1415 Vermittlung
1530 1360 1607 1402 der
1626 1359 1813 1412 Stoiker,
1847 1360 1990 1402 denen

169 1429 232 1472 sie
261 1430 309 1471 in
338 1429 479 1471 ihrem
511 1428 906 1472 Gredankeninhalt
936 1430 1161 1472 verwandt
1191 1430 1284 1472 und
1323 1430 1509 1473 deshalb
1554 1431 1851 1486 sympathisch
1883 1445 1984 1483 war,

169 1499 357 1544 Vorbild
387 1499 660 1543 zahlreicher
693 1501 1068 1544 Mahnschreiben
1113 1516 1169 1543 an
1206 1502 1343 1557 junge
1380 1502 1520 1544 Leute
1558 1502 1650 1544 und
1680 1501 1987 1557 Hauptquelle

167 1570 241 1613 fiir
266 1571 352 1613 alle
379 1571 767 1626 gnomologischen
793 1572 1107 1627 Sammlungen
1134 1573 1427 1630 geworden“).
1453 1573 1557 1615 Meo
1585 1574 1701 1615 enim
1727 1573 1892 1615 iudicio
1917 1573 1984 1615 in-

168 1646 236 1683 ter
275 1642 358 1684 hos
399 1641 550 1694 libros,
603 1643 801 1696 quamvis
852 1643 988 1685 multa
1031 1644 1281 1686 communia
1322 1643 1532 1696 habeant,
1578 1644 1762 1686 multum
1792 1645 1987 1686 interest.

170 1713 475 1755 Ps.-Isocratis
517 1717 757 1767 praecepta
800 1713 932 1767 plane
976 1715 1023 1756 in
1065 1715 1265 1768 pristinis
1298 1713 1575 1757 Graecorum
1620 1715 1898 1769 opinionibus
1943 1719 1987 1757 et

169 1783 465 1838 sophistarum
490 1784 650 1826 aetatis
677 1785 1018 1839 cogitationibus
1038 1790 1290 1827 versantur:
1317 1786 1506 1828 hominis
1531 1787 1578 1828 in
1598 1786 1809 1828 societate
1829 1790 1984 1838 status,

168 1857 259 1897 vita
291 1856 447 1905 activa,
493 1855 700 1906 amicitia,
731 1869 836 1898 usus
868 1856 1117 1898 cotidianus
1147 1857 1335 1899 maxime
1366 1857 1671 1911 respiciuntur,
1717 1857 1878 1911 ubique
1911 1859 1983 1900 δο-

168 1932 254 1969 κεῖν
286 1925 425 1982 (ὅόξα,
452 1928 758 1982 εὐδοκιμῆσαι),
791 1926 910 1969 fama
943 1932 1074 1982 atque
1109 1927 1262 1981 gloria,
1294 1929 1524 1983 permagni
1556 1931 1825 1971 aestimatur.
1865 1927 1981 1983 Quo-

168 2011 266 2039 cum
310 1996 691 2039 Ps.·Plutarchum
733 2002 826 2040 tam
866 2011 998 2052 saepe
1041 2012 1282 2052 congruere
1326 2013 1349 2041 e
1381 1999 1582 2054 Peripati
1627 1999 1810 2051 ratione,
1869 2013 1982 2053 quae

167 2067 421 2123 vulgaribus
448 2069 728 2123 opinionibus
754 2070 955 2123 proxima
979 2083 1307 2124 nonnumquam
1332 2069 1467 2112 fuisse
1494 2070 1678 2122 videtur,
1712 2074 1755 2112 et
1789 2084 1811 2112 e
1848 2071 1982 2125 scrip-

167 2139 275 2181 toris
305 2139 445 2194 ipsius
475 2139 642 2182 iudicio
686 2139 861 2182 facilius
900 2140 1109 2194 explicari
1155 2140 1365 2184 existimo.
1407 2141 1575 2183 Tamen
1620 2155 1718 2183 eum
1759 2141 1876 2183 illius
1908 2155 1981 2196 ge-

167 2211 284 2253 neris
315 2210 511 2253 libellum
542 2210 782 2265 quemlibet
814 2211 1066 2253 adhibuisse
1098 2226 1278 2266 prorsus
1313 2212 1467 2266 negari
1497 2226 1587 2253 non
1619 2216 1778 2266 potest.

310 2293 543 2348 Reliquum
577 2298 655 2347 est,
698 2299 748 2336 ut
780 2295 834 2336 de
862 2294 1003 2336 altera
1047 2309 1190 2336 rerum
1231 2299 1367 2349 parte,
1413 2310 1543 2349 quam
1586 2296 1633 2336 in
1677 2295 1981 2338 examinandis

165 2364 489 2407 Ps.-Plutarchi
514 2367 760 2420 praeceptis
781 2366 1070 2416 distinximus,
1104 2366 1258 2408 eodem
1286 2366 1412 2407 modo
1446 2380 1722 2420 quaeramus,
1754 2367 1807 2409 de
1834 2367 1887 2408 iis
1914 2381 1979 2409 re-

166 2435 261 2488 bus,
293 2450 403 2490 quas
435 2436 754 2490 Peripateticas
787 2437 1055 2491 agnovimus.
1088 2437 1477 2491 Peripateticos
1510 2438 1611 2479 inde
1651 2437 1705 2479 ab
1736 2437 1980 2480 Aristotele

166 2509 213 2548 in
243 2506 506 2549 educatione
538 2512 581 2549 et
614 2507 816 2549 doctrina
848 2512 893 2549 et
930 2522 1012 2549 usu
1058 2522 1236 2562 operam
1282 2509 1512 2550 maximam
1555 2523 1742 2550 navasse
1792 2512 1979 2551 constat.

166 2577 286 2619 Nam
310 2576 647 2629 Aristoteles,
676 2593 773 2620 cum
800 2592 949 2620 omnes
981 2579 1189 2620 scientias
1220 2582 1433 2620 tractaret
1458 2578 1852 2634 philosophiaeque
1879 2579 1977 2622 sub-

166 2648 317 2693 iceret.
362 2648 709 2691 adulescentium
761 2649 1051 2691 eruditionem
1101 2650 1349 2690 universam
1381 2649 1556 2692 scholae
1602 2665 1706 2692 suae
1749 2652 1980 2705 usurpavit

167 2722 209 2760 et
235 2719 280 2760 in
305 2718 594 2761 Politicorum
620 2719 743 2762 libris
771 2721 962 2774 optimae
990 2720 1263 2762 educationis
1290 2721 1479 2774 speciem
1507 2721 1706 2763 omnibus
1730 2721 1980 2763 hominibus

166 2788 303 2830 multo
348 2790 573 2843 aptiorem,
616 2805 747 2845 quam
791 2791 875 2832 fuit
906 2790 1121 2844 Platonis,
1175 2792 1388 2846 exposuit.
1432 2792 1604 2833 Eadem
1661 2793 1809 2834 studia
1860 2792 1979 2846 apud

310 2951 336 2998 1)
362 2964 396 2987 v.
422 2953 470 2987 K.
498 2952 717 2999 Emminger
742 2954 890 2999 (Jahrb.
917 2955 942 2990 f.
969 2955 1014 2990 cl.
1040 2955 1137 2990 Phil.
1158 2956 1286 3000 Suppl.
1306 2954 1475 3000 XXVII,
1495 2956 1591 3002 373).
1623 2957 1733 2991 Cuius
1754 2958 1977 2992 sententiam

166 3011 290 3055 potius
322 3022 467 3056 sequor,
492 3023 603 3056 quam
629 3012 852 3057 Dyroffium,
890 3014 952 3058 qui
990 3014 1149 3059 (Archiv
1174 3013 1199 3048 f.
1227 3013 1360 3050 Gesch.
1388 3015 1423 3049 d.
1449 3014 1545 3050 Phil.
1571 3015 1662 3059 XII,
1704 3016 1806 3061 1898,
1843 3028 1878 3061 p.
1917 3017 1976 3062 55)

166 3069 388 3113 Cynicorum
413 3069 607 3105 doctrinae
634 3072 791 3117 vestigia
817 3071 868 3106 ibi
896 3073 1054 3117 quaerit.
1079 3072 1175 3108 Nam
1208 3074 1415 3118 periculum
1440 3077 1508 3118 est,
1533 3086 1590 3120 ne,
1629 3086 1723 3119 quae
1760 3076 1838 3110 sine
1863 3075 1978 3110 dubio

165 3128 338 3173 vulgaria
363 3140 406 3163 ac
431 3130 626 3165 tritissima
651 3134 769 3175 erant,
795 3131 943 3175 Cynicis
968 3132 1110 3167 demus.
