2138 3438
961 127 1254 167 -6-

198 265 398 320 patribus
437 265 718 308 clementiam
756 266 1033 309 commendat
1069 267 1144 320 (13
1172 266 1347 322 D—F),
1391 267 1444 310 de
1482 265 1834 312 adulescentibus
1865 269 2016 312 matri·

197 337 344 379 monio
370 337 625 379 coercendis
649 337 843 379 breviter
867 337 1125 379 cohortatus
1151 339 1226 390 (13
1253 338 1310 390 F)
1336 338 1524 393 scriptor
1548 340 1605 382 ad
1629 339 1760 382 finem
1784 344 2014 395 properat:

198 407 436 450 maximum
468 412 545 459 est,
576 412 626 450 ut
655 412 806 463 patres
837 408 939 450 filiis
965 409 1175 450 virtutum
1201 408 1400 463 exempla
1425 409 1512 452 sint
1543 412 1617 463 (14
1642 409 1816 464 A—B).
1847 410 2016 455 Cohor-
2051 464 2053 467 Ι

198 479 381 531 tatione,
408 483 458 521 ut
483 479 736 522 educationi
763 494 933 521 summa
960 479 1192 533 diligentia
1218 479 1493 532 adhibeatur,
1523 480 1698 524 libellus
1724 481 2016 525 concluditur.

343 548 391 592 Si
430 550 578 592 omnia
611 551 780 593 ordinis
813 550 972 592 menda
1003 550 1409 605 praetermittimus,
1446 566 1559 606 quae
1588 552 1733 595 forma
1765 554 1822 596 sit
1850 556 2016 596 tracta-

197 620 330 662 tionis
368 624 412 663 et
449 635 596 663 rerum
635 621 881 676 dispositio,
921 621 1053 663 facile
1092 620 1374 675 intellegitur.
1413 621 1562 676 Atque
1598 622 1670 665 hic
1703 623 1901 675 aliorum,
1940 623 2017 679 qui

199 691 252 733 de
284 692 512 734 educando
540 695 652 746 sunt,
683 692 898 734 librorum
924 718 982 724 —
1015 693 1090 746 qui
1123 682 1300 746 quidem
1326 692 1453 734 nobis
1481 693 1643 736 servati
1671 699 1772 736 sunt
1797 719 1852 725 —
1879 693 2015 736 linea-

198 767 347 805 menta
390 763 655 805 adumbrare
695 778 747 805 ex
793 778 839 805 re
886 778 979 806 esse
1024 763 1210 812 videtur,
1261 764 1365 817 quia
1400 763 1488 806 illis
1525 765 1791 818 comparatis
1826 765 2017 808 iudicari

197 838 356 888 potest,
382 839 600 888 quatenus
627 835 697 877 hic
723 834 898 877 libellus
925 849 1023 877 cum
1047 835 1136 877 illis
1163 838 1388 889 congruat,
1413 835 1442 877 i.
1469 850 1506 877 e.
1528 840 1742 890 quatenus
1767 836 1826 879 ad
1850 841 2017 880 certam

199 906 424 959 quandam
457 920 603 948 rerum
631 906 1006 961 disponendarum
1031 920 1234 948 normam
1268 906 1535 960 compositus
1567 907 1635 949 sit.
1664 907 1763 949 Iam
1795 908 1902 950 satis
1933 907 2018 951 erit

197 978 433 1030 inquirere,
466 991 571 1019 num
598 977 654 1019 ab
683 978 792 1020 artis
820 978 1038 1020 educandi
1064 977 1336 1032 principibus
1362 1004 1418 1009 —
1444 973 1719 1020 Platonem
1744 982 1788 1020 et
1813 977 2017 1021 Aristo-

197 1047 365 1089 telem·
385 1048 482 1089 dico
517 1074 573 1079 —
607 1052 727 1091 certa
760 1048 979 1103 quaedam
1012 1050 1104 1090 eius
1137 1049 1200 1090 rei
1230 1048 1492 1090 tractandae
1523 1063 1679 1091 norma
1709 1049 1914 1092 instituta
1939 1050 2016 1103 sit3

197 1133 339 1173 neque
368 1120 483 1161 enim
510 1119 636 1171 alios,
671 1120 744 1174 qui
771 1119 911 1162 solam
938 1120 1244 1162 educationem
1268 1123 1472 1172 tractent,
1496 1119 1632 1162 libros
1652 1119 1864 1163 habemus
1883 1123 2017 1175 atque

198 1194 399 1244 posteros
433 1194 636 1233 auctores
668 1191 845 1233 illorum
878 1191 1124 1245 exemplum
1157 1195 1332 1233 secutos
1364 1205 1458 1233 esse
1490 1191 1724 1233 verisimile
1756 1195 1832 1234 est.

346 1262 402 1303 Pl
412 1266 496 1304 ato
511 1263 556 1303 in
565 1261 769 1305 Civitatis
778 1262 1031 1319 (Πολιτείας)
1041 1262 1164 1305 libris
1171 1263 1232 1304 II.
1242 1262 1296 1307 V.
1306 1262 1386 1307 VI.
1397 1262 1503 1305 VH.
1515 1263 1681 1316 passim
1690 1263 1742 1305 de
1757 1262 2017 1305 educatione

198 1334 300 1386 agit.
332 1333 420 1388 Qui
441 1334 649 1387 quoniam
669 1334 716 1376 in
737 1335 903 1387 optima
936 1348 982 1375 re
1003 1333 1180 1388 publica
1207 1333 1497 1376 describenda
1528 1348 1609 1375 sua
1640 1334 1712 1375 via
1737 1333 2020 1389 progreditur

198 1417 429 1458 rerumque
463 1404 571 1446 ordo
617 1404 731 1447 alius
776 1405 833 1446 sit
875 1419 1052 1447 necesse
1098 1408 1176 1456 est,
1220 1405 1450 1459 dispositio
1496 1405 1559 1446 rei
1596 1405 1682 1459 ipsi
1719 1409 1826 1459 apta
1864 1405 2016 1447 deesse

198 1475 388 1518 videtur:
420 1480 570 1518 tamen
600 1476 871 1518 lineamenta
901 1477 1113 1530 primaria
1146 1477 1465 1519 discernuntur.
1504 1476 1558 1517 In
1589 1476 1618 1518 l.
1651 1476 1711 1519 H.
1744 1478 1830 1519 376
1856 1476 1911 1528 E,
1941 1476 2018 1518 ubi

198 1546 251 1588 de
298 1546 543 1589 eruditione
589 1547 790 1604 (παιδείᾳ)
835 1547 1023 1590 militum
1068 1562 1197 1602 agere
1241 1548 1409 1603 incipit,
1463 1547 1620 1590 dividit
1657 1549 1937 1603 γυμναστικήν
1973 1550 2019 1590 et

197 1620 403 1673 μουσικήν
445 1618 780 1674 „formationem
812 1619 1008 1673 corporis
1040 1623 1082 1661 et
1114 1619 1250 1660 animi
1288 1618 1622 1661 eruditionem“.
1661 1619 1731 1660 De
1770 1618 1854 1660 hac
1892 1618 2017 1672 prius

200 1688 375 1730 disserit
412 1689 518 1747 (377
542 1692 644 1744 sq.):
692 1690 744 1732 de
789 1689 950 1732 fabulis
987 1691 1156 1745 (μῦθοι)
1198 1693 1241 1731 et
1276 1693 1466 1731 matrum
1503 1690 1810 1743 nutricumque
1849 1688 2018 1732 officiis.
2042 1690 2053 1699 ‘

200 1758 357 1802 Omnia
394 1775 446 1802 ex
478 1775 529 1802 eo
563 1761 766 1815 pendent,
805 1761 923 1816 quod
961 1775 1104 1803 mores
1137 1761 1371 1803 infantium
1402 1761 1546 1815 prima
1577 1764 1722 1802 aetate
1753 1760 2016 1803 formantur.

200 1831 374 1873 Deinde
402 1833 507 1885 (403
529 1835 609 1887 sq.)
636 1832 688 1874 de
716 1847 948 1886 corporum
983 1833 1298 1875 exercitatione
1325 1832 1516 1886 exponit,
1545 1845 1658 1886 quae
1685 1831 1839 1874 eadem
1863 1835 2018 1891 tenera

198 1906 345 1944 aetate
393 1903 646 1946 abhibenda
691 1907 767 1946 est.
812 1904 867 1945 In
905 1903 933 1945 l.
971 1904 1034 1956 V.,
1079 1904 1155 1946 ubi
1200 1903 1252 1946 de
1295 1903 1553 1945 mulieribus
1598 1903 1798 1958 quaestio
1838 1907 1918 1955 est,
1963 1903 2017 1945 de

198 1974 479 2015 matrimonio
514 1978 557 2016 et
587 1975 826 2017 liberorum
858 1976 1163 2031 procreatione
1197 1975 1355 2030 agitur.
1388 1975 1511 2030 Quae
1537 1976 1583 2016 in
1614 1974 1645 2016 l..
1667 1974 1749 2017 VI.
1778 1974 1832 2016 de
1859 1974 2018 2016 animis

198 2044 503 2099 philosophiae
556 2046 670 2099 aptis
716 2060 953 2100 eorumque
1003 2046 1280 2088 institutione
1323 2045 1621 2101 proferuntur,
1668 2045 1725 2088 ad
1766 2045 1883 2088 hanc
1926 2059 2019 2088 rem

199 2116 343 2157 minus
362 2117 594 2170 pertinent.
616 2116 813 2170 Septimo
837 2117 1025 2170 denique
1042 2116 1155 2159 libro
1170 2117 1418 2159 litterarum
1433 2131 1484 2159 ac
1499 2117 1785 2159 scientiarum
1798 2116 2018 2159 institutio
2082 2149 2089 2157 .

197 2189 426 2229 tractatur.
452 2187 564 2229 Inde
591 2202 736 2230 rerum
762 2188 883 2240 ordo,
911 2189 947 2230 si
968 2192 1083 2230 recte
1105 2189 1320 2241 ponimus,
1346 2188 1535 2230 efficitur
1556 2188 1643 2229 hic:
1671 2187 2016 2241 matrimonium,

197 2259 438 2312 generatio,
477 2259 674 2313 corporis
713 2259 922 2301 formatio
963 2263 1094 2313 atque
1128 2259 1394 2312 exercitatio,
1435 2259 1569 2300 animi
1602 2273 1858 2313 morumque
1889 2273 2017 2313 prae-

197 2330 387 2383 paratio,
420 2330 668 2372 litterarum
700 2330 933 2372 institutio.
965 2329 1110 2385 Quam
1142 2330 1497 2372 distributionem
1528 2330 1573 2372 in
1600 2329 1827 2384 Legibus
1852 2330 2015 2373 servari

198 2405 398 2455 apparet.
431 2401 494 2451 Ut
534 2416 643 2455 quae
682 2402 728 2443 in
766 2401 892 2444 libris
930 2402 967 2444 I.
1009 2406 1051 2444 et
1089 2402 1149 2444 II.
1188 2402 1230 2455 (I
1270 2403 1353 2444 643
1375 2401 1578 2453 B—645‚
1618 2401 1666 2443 II
1699 2403 1932 2444 653—654
1952 2400 2017 2456 A)

198 2473 566 2526 perstringuntur,
609 2473 971 2527 praetermittam,
1014 2474 1061 2515 in
1092 2472 1206 2515 libro
1246 2473 1325 2517 IV.
1366 2475 1600 2515 773—776
1634 2473 1687 2514 de
1719 2473 2016 2525 matrimonio,

200 2544 286 2584 784
302 2557 364 2596 sq.
385 2544 437 2585 de
457 2543 698 2585 liberorum
718 2544 1039 2598 procreatione,
1053 2544 1099 2585 in
1112 2543 1227 2586 libro
1242 2543 1349 2588 VII.
1370 2544 1422 2586 de
1438 2544 1700 2586 educatione
1715 2547 1759 2585 et
1772 2544 2017 2587 eruditione

200 2614 348 2667 agitur
384 2616 461 2666 ita,
501 2619 550 2656 ut
587 2615 731 2669 prima
769 2615 954 2657 nutritio
995 2617 1163 2671 (τροφή)
1197 2618 1241 2657 et
1271 2615 1468 2669 corporis
1500 2614 1720 2667 formatio,
1748 2629 1865 2669 ¹quae
1898 2618 1942 2657 et
1970 2615 2017 2656 in

198 2686 353 2727 matris
393 2689 518 2727 utero
560 2690 602 2728 et
638 2687 781 2739 prima
821 2690 922 2740 post
957 2691 1134 2740 partum
1167 2689 1314 2728 aetate
1345 2686 1533 2728 maxime
1567 2686 1765 2728 curanda
1797 2689 1876 2738 est,
1917 2700 2017 2728 cum

199 2759 267 2797 est
292 2769 450 2810 corpus
477 2771 604 2798 cerae
630 2757 772 2799 instar
797 2757 928 2799 molle
954 2757 1146 2813 (ms—7
1154 2756 1240 2814 89),
1266 2757 1423 2799 deinde
1450 2757 1652 2799 educatio
1678 2757 1778 2812 ipsa
1803 2760 2018 2800 tractetur
2094 2789 2097 2792 ,

201 2826 274 2882 (cf.
315 2828 399 2870 788
422 2827 466 2869 A
498 2829 751 2882 Γενομένων
790 2829 835 2871 δὲ
874 2831 1041 2872 παίδων
1073 2860 1082 2870 .
1114 2862 1122 2870 .
1157 2863 1164 2870 .
1202 2829 1366 2884 τροφὴν
1402 2830 1481 2883 μέν
1516 2845 1599 2871 που
1636 2830 1706 2871 καὶ
1742 2830 1934 2871 παιδείαν
1969 2829 2016 2871 τὸ

200 2899 302 2951 μετὰ
332 2903 457 2941 ταῦτα
482 2900 612 2953 λέγειν
642 2901 839 2953 ὀρθότατ’
874 2903 926 2942 ἂν
958 2901 1134 2955 γίγνοιθ’
1169 2899 1298 2955 ἡμῖν).
1331 2898 1469 2942 Cuius
1501 2913 1603 2954 pars
1635 2899 1778 2953 prima
1808 2900 1854 2941 in
1880 2899 2016 2942 animi
2088 2895 2092 2899 ’

199 2969 531 3012 irrationalibus
565 2974 613 3012 ut
648 2971 712 3012 ita
745 2970 902 3024 dicam,
938 2971 1226 3013 facultatibus
1264 2975 1330 3013 est
1368 2996 1421 3001 --
1460 2972 1580 3025 πάθη
1620 2975 1737 3012 recte
1769 2970 2018 3013 formantur

200 3043 244 3080 et
268 3042 451 3094 εὐθυμία
477 3042 711 3095 appetitur,
738 3042 1067 3084 consuetudinis
1093 3043 1157 3084 vis
1185 3042 1510 3084 demonstratur
1535 3040 1826 3098 (790-792);
1860 3041 2016 3084 eodem

198 3110 289 3152 fere
303 3112 522 3165 pertinent
539 3114 592 3154 79
603 3114 774 3155 3—794
789 3113 828 3154 B
844 3113 970 3166 (ludi,
990 3113 1316 3167 castigationes,
1337 3113 1547 3166 nutrices)
1562 3138 1619 3143 —
1635 3112 1775 3155 altera
1794 3113 2016 3168 tertiaque
