2138 3438
914 145 1209 186 -46—

149 286 358 340 phrastus
392 289 545 328 auctor
577 285 798 337 laudatur,
832 286 887 328 ab
919 285 996 327 illo
1023 285 1287 340 philosopho
1319 286 1388 328 vel
1415 301 1440 328 a
1465 287 1845 341 Peripateticis
1871 301 1969 330 eam

150 372 242 400 rem
280 362 517 400 tractatam
556 372 651 400 esse
688 357 876 400 fortasse
917 357 1121 399 concludi
1157 361 1322 412 potest3
1361 371 1504 412 neque
1535 358 1711 401 illorum
1743 358 1889 401 studio
1920 360 1974 401 111·

150 429 427 483 eloquentiae
461 429 773 471 exercitatione
805 429 958 471 habito
992 431 1261 471 contrarium
1294 433 1391 471 erat
1422 429 1475 472 de
1508 444 1561 472 ea
1591 443 1637 471 re
1671 444 1798 484 agere
1824 444 1974 484 neque

148 501 444 553 mediocritaS,
485 515 600 555 quae
638 501 969 543 commendatur
1009 501 1053 554 (6
1077 499 1111 542 O
1145 502 1294 556 σκέψις
1331 500 1371 542 δ’
1410 503 1489 544 οὐκ
1527 504 1578 557 ἐᾷ
1612 507 1683 557 τῆς
1719 504 1975 557 ἱκνουμένης

148 575 402 627 συμμετρίας
431 574 502 616 τὸν
532 574 657 629 λόγον
687 573 924 627 ἐκπίπτειν),
951 571 1006 613 ab
1033 586 1182 613 eorum
1209 571 1379 614 ratione
1407 571 1587 629 abest1).
1622 572 1814 615 Accedit
1839 587 1967 627 argu-

147 647 343 686 mentum
375 644 495 686 haud
520 644 583 686 ita
609 643 766 686 debile.
794 643 1073 692 ThemistiuS‚
1106 657 1236 697 quem
1262 643 1659 697 Peripateticorum
1685 644 1974 698 opinionibus

150 715 364 757 imbutum
396 715 530 757 fuisse
564 719 753 767 constat,
788 729 847 757 or.
880 716 949 757 25.
981 730 1023 769 p.
1057 717 1143 757 310
1165 714 1200 757 O
1234 727 1279 756 se
1312 718 1508 756 excusat:
1541 717 1592 757 οὗ
1619 716 1699 770 γὰρ
1725 718 1863 762 οὕτως
1886 717 1975 771 εἰμὶ

148 788 280 842 σοφὸς
314 788 415 830 οὐδὲ
447 788 641 841 εὔπορος,
673 788 778 829 ὥστε
810 788 1141 842 αὐτοσχεδιάζειν
1172 788 1316 840 ὥσπερ
1348 788 1461 841 ἔτυχε
1485 787 1557 834 τὰς
1581 788 1748 842 γραφὰς
1773 788 1971 841 καθάπερ

149 861 188 901 οἱ
237 860 446 914 δαιμόνιοι
495 860 688 913 σοφισταί
735 862 867 912 atque
918 872 964 900 se
1009 857 1222 910 defendit,
1268 857 1387 911 quod
1430 861 1474 898 et
1513 857 1700 899 Phidiae
1744 858 1971 912 magnisve

147 929 389 983 pictoribus
410 929 467 971 ad
488 929 762 971 elaboranda
790 943 924 983 opera
950 929 1098 982 aliquo
1130 928 1341 983 temporis
1369 928 1512 982 spatio
1541 943 1651 983 opus
1676 932 1782 971 erat.
1809 928 1975 971 Nonne

146 1000 314 1054 fabula,
353 1015 486 1055 quam
524 1001 596 1043 1110
635 1001 824 1055 scriptor
863 1000 916 1042 de
952 1000 1071 1042 malo
1105 1000 1300 1054 quodam
1331 1001 1500 1054 pictore
1533 1004 1576 1042 et
1606 999 1768 1054 Apelle
1800 1003 1966 1052 narrat,

149 1085 416 1126 quamquam
442 1072 513 1114 vix
538 1071 821 1126 intellegitur,
848 1086 899 1113 ex
925 1071 1078 1114 eadem
1106 1071 1372 1126 cogitatione
1394 1070 1592 1125 profecta
1618 1072 1713 1113 est‘?
1741 1070 1794 1112 Id
1814 1085 1977 1125 nempe

148 1143 367 1197 significat
399 1157 562 1196 eorum,
597 1144 673 1197 qui
699 1144 786 1186 cito
815 1157 951 1197 opera
978 1142 1229 1195 conficiunt,
1258 1143 1530 1185 celeritatem
1555 1142 1602 1185 in
1629 1143 1773 1197 operis
1799 1142 1973 1185 vilitate

149 1229 376 1269 apparere,
406 1215 470 1257 rei
503 1219 651 1257 autem
684 1214 915 1257 absolutae
946 1219 1144 1269 tempore
1172 1217 1277 1256 satis
1303 1228 1465 1269 magno
1494 1229 1604 1269 opus
1631 1228 1735 1258 esse.
1769 1213 1960 1256 Accedit

148 1286 267 1339 quod
298 1286 623 1328 Ps.-Plutarchi
653 1286 791 1337 locus,
823 1287 899 1340 qui
931 1286 1023 1328 sine
1056 1286 1148 1328 ulla
1174 1285 1484 1340 explanatione
1510 1285 1776 1340 proferatur,
1809 1299 1888 1339 per
1919 1299 1970 1327 se

148 1357 340 1399 difficilis
379 1357 606 1400 intellectu
644 1362 727 1410 est,
767 1372 856 1412 qua
886 1372 933 1399 re
966 1372 1063 1399 eum
1098 1361 1323 1399 auctorem
1357 1356 1548 1410 aliquem
1579 1357 1705 1410 sequi
1736 1356 1963 1411 probatur.

289 1429 342 1470 In
370 1429 546 1471 dicendi
572 1429 761 1483 denique
789 1428 1021 1483 generibus
1049 1428 1226 1471 difficile
1252 1442 1341 1470 non
1368 1432 1436 1470 est
1461 1427 1518 1470 ad
1543 1427 1774 1476 vocabula,
1801 1427 1966 1482 quibus

148 1515 309 1555 genera
347 1501 669 1553 describuntur,
707 1500 970 1543 illustranda
1009 1499 1198 1542 aliorum
1237 1500 1500 1557 scriptorum
1532 1498 1732 1553 exempla
1765 1499 1964 1541 conferre

147 1576 199 1623 (v.
226 1572 421 1625 Ernesti,
448 1572 643 1614 Lexicon
674 1572 862 1614 technol.
894 1572 1003 1615 rhet.
1030 1571 1220 1627 Graec).
1246 1570 1526 1626 Quamquam
1558 1571 1693 1625 igitur
1724 1570 1880 1612 iisdem
1912 1585 1967 1612 ex

148 1647 273 1698 parte
323 1643 477 1693 verbis,
528 1644 687 1698 quibus
731 1643 1094 1686 Ps.-Plutarchus
1136 1643 1289 1693 utitur,
1334 1642 1453 1696 apud
1496 1642 1759 1697 Dionysium
1802 1642 1966 1696 Halic.‚

148 1715 436 1767 Demetrium,
468 1715 578 1758 alios
603 1715 762 1757 vitiosa
788 1715 964 1757 dicendi
996 1728 1159 1769 genera
1181 1714 1494 1769 depinguntur,
1521 1716 1670 1755 tamen
1689 1712 1805 1755 hunc
1826 1712 1975 1755 locum.

151 1787 218 1827 vix
256 1786 337 1828 ulli
375 1799 583 1841 generum
623 1786 925 1828 distributioni
958 1786 1205 1828 rhetoricae
1239 1785 1373 1826 inseri
1404 1798 1532 1838 posse
1563 1785 1821 1838 putaverim.
1853 1784 1970 1827 Nam

148 1864 411 1913 χαρακτῆρες
436 1858 503 1900 1111
528 1864 599 1914 τῆς
631 1860 796 1911 λέξεως,
829 1872 939 1912 quos
966 1872 1002 1899 e.
1032 1871 1070 1911 g.
1103 1857 1357 1900 Demetrius
1383 1856 1452 1897 De
1481 1855 1585 1898 eloc.
1618 1870 1652 1897 c.
1679 1857 1734 1898 36
1762 1859 1979 1909 quattuor

149 1934 379 1971 enumerat
408 1931 578 1984 (ἰσχνός,
614 1932 950 1986 μεγαλοπρεπής,
983 1930 1212 1984 γλαφυρός,
1247 1928 1414 1985 δεινός),
1446 1926 1531 1969 hoc
1562 1927 1658 1969 loco
1690 1941 1778 1969 non
1805 1925 1971 1981 signifi-

151 2004 318 2042 cantur.
352 1999 577 2043 Similiora
614 2000 941 2043 Ps.-Plutarchi
985 2000 1130 2042 verbis
1175 2003 1288 2053 sunt,
1333 2013 1447 2054 quae
1493 1999 1545 2040 de
1589 1999 1720 2041 unius
1760 1999 1977 2053 cuiusque

151 2073 322 2126 generis
372 2072 489 2113 vitiis
539 2071 826 2126 proferuntur
837 2072 882 2126 2).
935 2071 1103 2114 Tamen
1154 2070 1379 2113 dividendi
1428 2072 1543 2112 ratio
1592 2084 1681 2112 non
1725 2070 1973 2124 respondet.

149 2142 515 2185 Ps-Plutarchus
555 2143 670 2185 enim
707 2157 798 2184 non
838 2143 890 2184 de
930 2143 1060 2184 rectis
1101 2142 1277 2184 dicendi
1315 2141 1549 2196 generibus
1587 2154 1823 2195 eorumque
1855 2141 1978 2183 vitiis

151 2215 256 2268 agit,
293 2215 371 2256 sed
409 2215 523 2256 inter
561 2214 647 2256 duo
686 2218 881 2256 extrema
918 2214 1027 2255 vitia
1058 2213 1251 2255 mediam
1283 2213 1397 2254 viam
1429 2216 1579 2255 tenere
1612 2212 1773 2254 studet.
1813 2212 1976 2267 Itaque

152 2285 271 2340 apud
297 2300 395 2327 eum
424 2285 651 2338 vocabula,
687 2285 847 2339 quibus
874 2285 1032 2326 vitiosa
1054 2284 1234 2326 dicendi
1263 2297 1423 2338 genera
1449 2283 1581 2324 rectis
1608 2283 1812 2336 opposita
1838 2283 1972 2337 signi-

150 2357 274 2399 ficari
318 2357 533 2410 solebant,
577 2361 627 2399 ut
658 2357 713 2414 (V.
749 2356 944 2409 Norden,
976 2355 1082 2399 Ant.
1115 2355 1334 2409 Kunstpr.
1367 2355 1390 2396 Ι
1420 2370 1462 2408 p.
1495 2356 1550 2397 69
1584 2353 1683 2396 adn.
1713 2353 1756 2411 1)
1781 2356 1974 2410 κομψόν,

151 2430 333 2485 ψυχρόν,
378 2431 535 2481 οἷδοῦν,
579 2430 872 2483 μειρακιῶδες,
918 2428 1169 2482 κακόζηλον,
1217 2425 1376 2480 quibus
1414 2425 1593 2467 vocibus
1630 2425 1782 2467 vitium
1821 2429 1968 2467 cetera

153 2500 460 2554 complectens,
488 2500 607 2554 quod
632 2514 712 2541 nos
736 2499 1069 2555 „Asianismus“
1095 2512 1250 2540 vocare
1279 2497 1596 2548 consuevimus,
1625 2496 1973 2548 describebatur,

152 2586 248 2612 non-
265 2572 470 2626 usurpari
497 2571 805 2613 admirandum
829 2585 919 2613 non
947 2575 1024 2612 est.
1051 2569 1195 2625 Quam
1223 2569 1278 2611 ob
1304 2583 1395 2611 rem
1421 2582 1474 2610 ea
1497 2572 1697 2622 tempora
1717 2567 1973 2621 quaerenda

152 2643 280 2685 nobis
313 2656 408 2684 esse
440 2643 657 2696 videntur,
698 2642 858 2697 quibus
906 2641 971 2684 illi
1014 2642 1133 2693 vitio,
1177 2655 1278 2695 quo,
1316 2653 1617 2694 quaecumque
1654 2639 1791 2681 nimia
1833 2643 1971 2692 erant,

154 2714 493 2756 continebantur
537 2714 580 2769 (i.
625 2728 660 2756 e.
707 2712 971 2770 κακοζηλία),
1017 2713 1138 2756 aliud
1177 2712 1446 2755 contrarium
1483 2714 1635 2753 natum
1673 2715 1751 2763 est,
1795 2711 1915 2765 quod
1947 2725 1970 2752 e

153 2785 449 2839 simplicitatis
488 2789 532 2827 et
568 2789 714 2827 rectae
755 2772 1008 2827 sobrietatis
1048 2784 1194 2826 studio
1230 2808 1282 2812 ——
1315 2782 1362 2824 id
1393 2781 1512 2836 quod
1543 2796 1623 2823 nos
1658 2781 1976 2833 „attizistische

297 2914 325 2958 1)
349 2915 396 2950 In
422 2915 616 2950 vocabulis
642 2916 865 2960 πολυλογία
886 2917 924 2949 et
945 2915 1208 2960 ματαιολογία
1232 2912 1464 2947 Clementem
1485 2912 1547 2953 Al.
1571 2910 1680 2947 Παιό.
1701 2912 1743 2946 II
1763 2913 1782 2947 7
1804 2912 1865 2955 (58
1882 2913 1976 2947 οὔτε

154 2975 232 3019 γάρ
248 2975 575 3020 μακρολογητέον
594 2975 693 3009 ποτὲ
711 2975 802 3009 οὒτε
820 2974 1119 3019 πολυλογητέον
1139 2974 1230 3008 οὔτε
1248 2970 1555 3018 ἀδολεσχητέον)
1567 2982 1640 3006 non
1665 2970 1976 3016 comparaverim,

155 3034 292 3077 quippe
318 3034 380 3076 qui
406 3045 480 3067 non
507 3032 552 3067 de
579 3033 757 3077 oratione,
783 3033 846 3067 sed
874 3032 920 3067 (le
947 3043 1115 3067 sermone
1141 3032 1358 3077 praecipiat.

299 3091 326 3136 2)
358 3092 431 3126 Sic.
464 3092 642 3127 Ps.-P1ut.
674 3093 901 3138 ὑπέρογκος
933 3092 1032 3126 idem
1060 3094 1168 3126 sonat
1195 3102 1237 3126 ac
1264 3090 1446 3125 Demetrii
1477 3090 1733 3136 περιβάλλων
1759 3093 1882 3134 ὄγκον
1905 3088 1975 3132 (ib.

156 3150 239 3196 119)
266 3152 303 3185 111
330 3152 422 3186 vitio
448 3153 569 3196 primo
597 3152 726 3197 generi
752 3152 936 3196 opposito,
963 3151 1062 3196 quod
1090 3154 1146 3185 est
1170 3151 1386 3197 ψυχρότης.
