2138 3438
915 115 1208 157 —,37——

151 259 482 309 ceterorumque
512 254 580 296 vel
611 254 807 309 priorum
839 254 906 296 vel
938 258 1214 310 posterorum
1238 258 1486 309 temporum
1511 255 1731 297 educandi
1755 269 1964 310 praecep-

149 330 295 369 torum
326 326 574 368 communia
605 329 766 378 essent,
793 326 857 368 ita
889 330 949 376 ut,
982 339 1097 380 quae
1130 325 1248 368 solus
1283 340 1334 368 ac
1359 327 1541 380 propria
1567 326 1827 377 exhibuerit,
1855 326 1965 368 iudi-

151 411 250 439 care
295 396 606 439 difficillimum
651 397 722 438 sit.
768 396 894 452 Quae
939 411 1038 439 cum
1079 397 1145 439 ita
1188 397 1288 448 sint,
1331 411 1384 439 ex
1426 412 1473 439 re
1511 397 1619 439 mihi
1657 397 1834 451 quidem
1871 411 1964 439 esse

149 467 320 510 videtur
351 467 644 523 Chrysippum
682 467 812 510 simili
849 468 978 510 modo
1018 482 1070 510 ac
1100 467 1482 510 Ps.—Plutarchum
1519 468 1706 510 fortasse
1744 482 1841 510 eam
1873 482 1964 510 rem

147 539 407 582 tractavisse
435 538 673 581 concedere
680 556 691 590 ;
717 539 833 581 hunc
854 543 1000 581 autem
1021 543 1098 581 aut
1117 552 1169 580 ex
1187 539 1385 593 Peripati
1404 539 1638 581 alteriusve
1658 538 1964 593 philosophiae

146 610 360 652 finitimae
410 609 611 652 doctrina
663 614 741 652 aut
790 623 841 652 ex
891 609 1211 664 vulgarioribus
1263 610 1484 652 educandi
1534 609 1800 660 notionibus,
1853 624 1963 663 quas

146 681 323 736 quidem
359 682 549 736 posteris
587 681 862 735 temporibus
898 680 988 723 late
1027 684 1210 735 vagatas
1248 695 1342 723 esse
1380 681 1610 723 verisimile
1649 685 1726 731 est,
1765 680 1962 722 hausisse

147 766 317 795 censeo.
333 751 504 807 Quare
525 766 584 794 ex
597 752 978 794 Ps.-Plutarchi
999 752 1280 794 sententiis
1295 752 1355 794 de
1373 752 1664 806 Chrysippo
1686 752 1963 806 quicquam

146 823 279 865 certi
324 823 639 866 concludere
683 823 888 866 minime
932 823 1073 865 licet.
1116 823 1234 866 Nam
1271 823 1458 875 etiamsi,
1503 823 1551 865 id
1583 823 1702 877 quod
1734 817 1963 877 probabile

148 899 226 945 est,
256 899 517 950 argumenta
548 895 657 946 eius,
689 909 802 948 quae
835 894 891 936 ad
922 908 1064 937 mores
1097 898 1141 936 et
1167 894 1302 936 animi
1326 895 1647 949 praestantiam
1673 908 1836 943 eorum,
1868 894 1961 947 qui-

144 965 327 1007 buscum
363 966 490 1020 pueri
527 970 858 1014 conversantur,
895 965 1098 1017 attinent,
1137 979 1299 1020 magna
1336 979 1389 1007 ex
1425 969 1550 1020 parte
1584 964 1831 1008 Stoicorum
1861 965 1889 1006 i.
1925 978 1960 1006 e.

146 1036 381 1092 Chrysippi
407 1037 631 1080 doctrinae
658 1037 945 1079 attribuenda
970 1041 1084 1088 sunt,
1109 1041 1260 1079 tamen
1285 1036 1402 1078 idem
1427 1051 1516 1079 non
1537 1037 1589 1079 de
1611 1036 1811 1079 omnibus
1831 1035 1961 1077 rebus

146 1108 263 1150 valet
286 1122 429 1162 neque
455 1108 572 1150 unde
603 1107 770 1150 habeat
800 1109 1000 1162 scriptor,
1031 1121 1144 1162 quae
1175 1107 1311 1150 habet
1343 1107 1507 1158 Stoica,
1537 1123 1616 1162 pro
1644 1111 1762 1150 certo
1790 1106 1961 1149 definiri

142 1183 300 1234 potest.
330 1178 626 1233 Chrysippum
658 1178 847 1233 denique
875 1181 922 1220 in
946 1193 999 1221 ea
1024 1193 1083 1232 re,
1109 1178 1229 1233 quod
1254 1182 1320 1221 est
1345 1179 1482 1221 totius
1508 1179 1784 1221 educationis
1811 1183 1961 1233 caput,

142 1254 284 1292 totum
321 1250 412 1292 fere
451 1249 504 1291 de
542 1249 851 1304 Peripateticis
888 1249 1165 1304 pependisse,
1202 1254 1252 1291 ut
1289 1248 1485 1292 Schickii
1523 1250 1742 1291 sententia
1783 1263 1958 1291 censere

142 1321 350 1375 cogimur,
386 1334 482 1363 meo
515 1320 692 1375 quidem
724 1320 890 1363 iudicio
923 1320 1156 1362 verisimile
1188 1335 1278 1363 non
1310 1325 1388 1372 est,
1423 1321 1632 1375 quoniam
1666 1335 1777 1373 eum,
1809 1320 1884 1374 qui
1914 1321 1960 1361 in

141 1391 336 1445 moribus
375 1396 468 1434 tam
508 1392 733 1446 propriam
774 1395 907 1446 atque
949 1406 1073 1434 suam
1114 1391 1361 1434 doctrinam
1398 1391 1612 1446 praebeat
1647 1396 1692 1434 et
1727 1390 1955 1446 permultis

139 1463 338 1522 Peripati
363 1462 645 1517 opinionibus
673 1463 928 1517 ceteroquin
954 1462 1231 1505 vehementer
1258 1463 1459 1515 obsistat,
1487 1463 1675 1505 eundem
1701 1477 1782 1504 sua
1802 1461 1959 1504 saltem

140 1537 413 1588 argumenta,
446 1534 619 1576 etiamsi
650 1533 836 1576 aliorum
867 1538 1105 1589 praecepta
1137 1538 1359 1588 sequatur,
1389 1534 1587 1588 proferre
1620 1533 1848 1588 probabile
1876 1536 1957 1575 est.

139 1605 203 1648 Ut
238 1605 415 1647 tandem
453 1605 568 1647 hanc
607 1607 911 1659 quaestionem
949 1604 1188 1647 absolvam:
1233 1604 1662 1659 Ps,-Pliitarchus
1702 1605 1858 1658 Perip
1877 1605 1957 1646 ati

143 1680 194 1718 et
213 1675 370 1719 Stoae
403 1675 676 1730 opiniones
702 1676 987 1729 permixtas
1013 1675 1258 1718 exhibere
1283 1676 1492 1718 videtui·
1518 1680 1567 1718 et
1593 1676 1658 1718 ad
1677 1675 1956 1730 Chryssipi

139 1746 331 1789 librum
376 1747 590 1800 eiusque
641 1751 927 1800 praecepta
965 1746 1328 1800 cognoscenda
1373 1761 1550 1788 ansam
1583 1761 1682 1789 non
1720 1746 1956 1800 praebet.

366 1899 561 1968 Caput
600 1901 647 1952 5.
688 1900 772 1952 De
809 1900 1163 1969 paedagogo
1201 1903 1260 1953 et
1300 1900 1372 1952 de
1410 1900 1720 1968 magistro.

278 2018 334 2060 In
365 2018 625 2072 paedagogo
657 2017 774 2060 idem
806 2017 935 2072 valet,
967 2018 1085 2073 quod
1118 2018 1398 2060 antecedenti
1423 2019 1570 2073 capite
1596 2018 1842 2073 expositum
1868 2023 1955 2061 est:

137 2103 270 2143 quam
302 2089 480 2144 optimis
510 2088 706 2131 moribus
740 2090 808 2131 sit.
851 2088 916 2131 At
947 2092 1097 2144 patres
1130 2103 1275 2131 servos
1321 2103 1483 2144 eosque
1522 2090 1815 2144 nequissimos
1848 2104 1954 2144 pue-

134 2174 282 2202 rorum
312 2159 595 2215 paedagogos
619 2160 849 2202 instituere
876 2160 1018 2202 solent
1043 2159 1090 2217 (4
1109 2160 1181 2218 Β).
1220 2159 1351 2215 Quod
1384 2159 1668 2214 opprobrium
1701 2161 1814 2202 alias
1848 2175 1954 2214 quo-

137 2245 220 2286 que
251 2231 449 2285 legimus,
487 2235 537 2273 ut
568 2231 686 2286 apud
717 2231 927 2286 Xenoph.
959 2231 1121 2274 Laced.
1153 2230 1240 2286 pol.
1273 2234 1311 2283 2,
1345 2233 1388 2273 2:
1426 2231 1657 2286 Lycurgus
1688 2220 1954 2286 παιδονόμον

135 2302 336 2345 omnibus
365 2301 559 2345 instituit
596 2304 682 2345 ἀντὶ
717 2307 790 2346 τοῦ
830 2305 914 2357 ἰδίᾳ
952 2305 1127 2346 ἕκαστον
1162 2304 1462 2357 παιδαγωγοὺς
1503 2303 1681 2349 δούλους
1720 2304 1946 2358 ἐφιστάναι,

134 2373 335 2416 Tacitum
359 2373 479 2416 Dial.
507 2373 548 2416 d.
582 2387 646 2415 or.
679 2375 734 2416 29
762 2409 770 2416 .
799 2406 807 2414 .
833 2408 841 2416 .
873 2375 1069 2429 ancillae,
1099 2374 1173 2416 cui
1200 2374 1462 2429 adiunyitur
1492 2388 1609 2415 umes
1639 2377 1719 2416 aut
1758 2374 1865 2416 alter
1895 2387 1946 2415 ex

133 2445 336 2487 omnibus
371 2445 508 2487 servis
532 2446 792 2500 plerumque
823 2446 1066 2487 vilissimus
1102 2459 1180 2487 nee
1210 2446 1418 2499 cuiquam
1449 2445 1561 2486 serio
1593 2445 1837 2486 ministerio
1867 2446 1942 2486 ad-

132 2517 429 2570 commodatus,
458 2514 772 2572 Favorinum1)
806 2515 924 2569 apud
958 2514 1152 2558 Gellium
1184 2516 1240 2558 N.
1272 2515 1327 2558 A.
1361 2515 1460 2556 XII
1490 2516 1526 2568 1,
1549 2516 1616 2556 17.
1649 2515 1767 2557 Miro
1795 2520 1941 2558 autem

132 2586 263 2629 modo
289 2586 570 2629 consentiunt
587 2586 848 2641 Hieronymi
868 2587 1156 2641 Peripatetici
1179 2587 1313 2628 verba
1333 2601 1358 2628 a
1380 2584 1572 2628 Stobaeo
1592 2586 1688 2628 Ecl.
1710 2587 1759 2628 II
1779 2601 1819 2640 p.
1839 2588 1939 2638 233,

135 2658 158 2699 1
180 2656 252 2700 W.
284 2656 453 2699 tradita
493 2691 501 2699 .
531 2689 540 2699 .
569 2693 576 2701 .
603 2660 642 2700 οἱ
679 2659 852 2713 πατέρες
872 2692 880 2699 .
902 2692 910 2700 .
933 2691 941 2699 .
978 2661 1122 2705 οἵτινες
1157 2662 1329 2712 πρῶτον
1367 2658 1444 2712 μὲν
1480 2659 1714 2713 βαρβάροις
1749 2660 1941 2713 παραβα-

134 2728 273 2774 λόντες
303 2728 419 2781 (τοὺς
448 2730 621 2783 παῖδας)
660 2731 952 2784 παιδαγωγοῖς
988 2731 1058 2771 καὶ
1095 2730 1255 2772 τούτων
1287 2729 1456 2771 ἀκούειν
1486 2729 1752 2775 κελεύσαντες
1789 2731 1947 2774 ἱκανῶς

131 2799 413 2852 ἐπιμελεῖσθαι
443 2801 684 2854 νομίζουσιν
717 2833 725 2841 .
746 2833 755 2841 .
775 2832 784 2841 .
808 2801 871 2842 διὸ
910 2800 978 2842 καὶ
1014 2800 1086 2842 τὸν
1123 2802 1171 2842 ἐκ
1201 2804 1286 2842 τῶν
1316 2802 1503 2854 ἐργατῶν
1534 2801 1931 2853 ἀποδοκιμασθέντα

273 2926 300 2970 ¹)
325 2926 449 2972 Quare
475 2926 694 2962 Schickium
720 2930 820 2963 recte
848 2927 1012 2963 iudicare
1039 2927 1274 2971 crediderim,
1308 2940 1390 2962 cum
1413 2930 1540 2962 censet
1558 2939 1592 2972 p.
1612 2928 1654 2963 10
1675 2927 1760 2963 adn.
1784 2928 1845 2963 15:
1875 2928 1947 2971 „Es

133 2986 182 3020 ist
203 3014 210 3021 .
233 3013 240 3021 .
260 3012 267 3020 .
295 2985 615 3030 wahrscheinlich,
641 2986 716 3021 dass
735 2986 796 3022 die
815 2986 1012 3022 Invektive
1038 2998 1158 3032 gegen
1184 2986 1245 3021 die
1271 2986 1490 3021 schlechten
1513 2986 1689 3021 Erzieher
1715 2990 1789 3021 erst
1819 2988 1857 3021 in
1883 2987 1948 3022 der

130 3044 340 3080 Kaiserzeit
364 3056 405 3080 so
425 3044 699 3090 aufgebauscht
716 3045 794 3080 und
814 3058 858 3080 zu
878 3047 999 3081 einem
1019 3045 1277 3091 Gemeinplatz
1296 3047 1421 3081 wurde
1447 3049 1555 3081 usw.“
1584 3046 1686 3091 Quae
1712 3057 1769 3081 res
1789 3046 1947 3081 fortasse

131 3103 179 3138 ad
203 3103 479 3138 Ps.-Plutarchi
506 3106 666 3139 aetatem
695 3103 946 3139 definiendam
973 3105 1083 3150 valet,
1110 3117 1336 3150 quamquam
1364 3105 1453 3139 satis
1481 3105 1657 3150 ambigua
1684 3108 1750 3140 est.
