2138 3438
956 129 1249 173 ,-68,-

194 271 292 314 Εο1.
325 271 399 313 ΙΙΙ
429 287 470 326 p.
497 272 597 324 442,
630 271 683 313 15
704 271 768 313 H:
804 271 862 313 Π.
892 271 1122 325 ἐρωτηθεὶς
1152 272 1189 312 τί
1216 274 1408 313 ποιοῦσιν
1441 270 1668 325 ἄνθρωποι
1699 271 1817 317 θεοῖς
1847 271 2012 325 ὅμοιον,

195 346 276 399 ἔφη
315 345 411 394 ,ἐὰν
443 344 751 398 ἅλη’θεύωσιν“.
783 342 880 384 Νο0
906 341 1030 383 deest
1061 340 1352 395 philosophus
1377 341 1714 396 Peripateticus,
1746 340 2015 383 Themistius

198 430 264 469 ap.
300 413 420 457 Stob.
452 413 550 455 Ecl.
583 413 658 455 III
689 429 730 468 p.
765 415 864 466 448,
897 414 919 455 1
955 412 1031 455 H.:
1070 413 1247 466 οὐδεμία
1286 413 1366 467 γὰρ
1403 414 1621 468 μοχθηρία
1653 413 1813 468 μᾶλλον
1845 413 2012 455 δυσκοι-

195 488 382 542 νώνητος
426 487 620 532 ἀπιστίας.
664 483 870 539 Apparet
913 497 1011 526 eum
1054 484 1282 525 veritatem
1314 483 1360 524 in
1403 497 1554 525 earum
1584 484 1792 525 virtutum
1831 497 2012 526 numero

195 557 371 610 habere,
411 570 523 611 quae
566 557 612 598 in
651 556 875 598 hominum
908 555 1166 596 commercio
1205 554 1392 596 maxime
1423 554 1716 608 praestandae
1762 558 1877 608 sunt,
1908 555 2014 610 quia

197 631 369 682 ἀπιστία,
402 642 516 682 quae
550 631 724 669 mutuae
757 626 861 668 fidei
887 629 954 668 est
986 626 1219 679 contraria,
1252 639 1424 668 omnem
1457 625 1820 668 consuetudinem
1850 625 2012 681 perdit3

197 714 309 755 quas
340 700 523 741 virtutes
556 698 768 752 imprimis
801 711 827 739 a
859 697 1170 751 Peripateticis
1202 696 1401 739 excultas
1427 710 1521 739 esse
1553 711 1687 751 supra
1718 698 2012 752 exposuimus,

198 770 341 826 Quam
385 770 439 812 ob
483 783 574 811 rem
616 768 746 810 facile
790 767 1077 822 intellegitur⁷
1122 782 1200 809 cur
1242 767 1604 810 Ps.-Plutarchus
1647 768 1731 810 hoc
1771 768 1870 810 1000
1902 768 2015 811 illud

196 845 483 896 praeceptum
525 841 709 882 inserat:
753 839 890 881 totius
937 839 1096 894 capitis
1139 839 1324 880 virtutes
1364 839 1415 880 in
1459 839 1722 881 hominum
1753 840 2014 881 societate

198 916 358 967 atque
393 910 737 953 conversandi
768 925 863 953 usu
896 914 1028 953 sunt.
1070 910 1197 965 Quae
1231 924 1328 951 cum
1360 910 1424 952 ita
1455 910 1555 959 sint,
1599 910 1880 965 perspicuum
1908 909 2016 952 mihi

197 997 291 1026 esse
323 983 497 1025 videtur
536 982 618 1024 has
650 983 845 1036 virtutes,
889 995 1002 1036 quae
1044 982 1222 1023 minime
1256 985 1359 1023 sunt
1396 980 1665 1036 principales
1697 985 1741 1023 et
1773 982 2015 1036 sapientiae

195 1055 381 1097 maxime
415 1054 736 1105 convenientes,
777 1054 833 1096 ad
864 1068 1001 1095 unum
1043 1053 1245 1095 tendere:
1290 1055 1503 1109 ἐγκράτεια
1536 1056 1589 1103 01ι
1621 1055 1881 1109 σωφροσύνη
1913 1052 2016 1095 11111-

196 1129 405 1181 strantur‚
438 1139 550 1180 quae
582 1139 672 1168 non
702 1129 794 1167 tam
825 1125 871 1168 in
904 1125 1062 1177 animo,
1095 1124 1259 1166 nedum
1290 1125 1337 1166 in
1365 1127 1511 1167 mente
1544 1138 1595 1166 ac
1627 1125 1797 1166 ratione
1827 1123 2017 1166 hominis

199 1201 311 1249 sunt,
347 1211 479 1252 quam
511 1197 568 1239 ad
598 1196 776 1239 modum
801 1211 907 1251 erga
939 1195 1102 1238 alteros
1129 1210 1175 1238 se
1207 1195 1388 1251 gerendi
1413 1196 1648 1250 pertinent.
1681 1194 1805 1250 Quae
1832 1197 2016 1238 virtutes

197 1269 251 1311 ab
285 1267 526 1311 Aristotele
559 1269 735 1323 copiose
766 1271 987 1310 tractatae
1020 1271 1140 1320 sunt3
1176 1267 1364 1322 singulis
1394 1268 1503 1309 locis
1529 1267 2016 1322 Peripateticorum

198 1343 248 1382 et
268 1340 717 1394 Pythagoreorum
736 1338 1120 1381 similitudines
1141 1352 1395 1393 comparare
1417 1337 1599 1380 difficile
1618 1352 1707 1380 non
1727 1341 1834 1380 erat.
1869 1337 2016 1393 Quare

197 1411 331 1454 talem
357 1411 567 1453 virtutum
598 1411 824 1453 notionem
856 1411 1256 1465 Peripateticae
1289 1410 1501 1462 rationi,
1536 1423 1650 1464 quae
1677 1409 1733 1452 ad
1766 1423 2016 1452 communes

197 1483 421 1525 hominum
453 1483 681 1537 opiniones
712 1482 895 1537 propius
928 1481 1124 1534 accedat,
1157 1482 1344 1524 maxime
1378 1482 1610 1524 convenire
1644 1480 1916 1523 crediderim.

725 1623 919 1692 Caput
959 1626 1039 1678 12.
1076 1624 1161 1676 De
1200 1624 1496 1676 discendo.

339 1731 700 1774 Ps.-Plutarchus
734 1732 759 1773 9
792 1731 932 1773 E-F
967 1731 1062 1773 sine
1093 1731 1187 1772 ulla
1231 1730 1400 1772 ordinis
1443 1730 1628 1783 ratione,
1677 1734 1727 1773 ut
1769 1744 1903 1785 supra
1945 1744 2015 1773 ex-

196 1804 387 1858 positum
421 1806 498 1854 est,
534 1802 586 1844 de
618 1802 830 1845 memoria
862 1802 1104 1844 excolenda
1138 1803 1245 1855 agit:
1290 1806 1334 1844 et
1365 1802 1507 1844 omnis
1550 1802 1798 1843 litterarum
1842 1802 2017 1843 institu-

194 1875 327 1917 tionis
359 1874 694 1916 fundamentum
727 1877 793 1915 est
824 1876 868 1915 et
897 1874 942 1915 in
974 1873 1170 1916 moribus
1202 1873 1396 1928 prodest,
1438 1887 1536 1915 cum
1570 1874 1628 1914 sit
1664 1875 1869 1928 εὐβουλία.
1913 1872 2016 1916 Νο11

197 1946 390 1988 alienum
422 1948 489 1987 081
519 1945 984 1999 Pythagoreorum,
1017 1959 1216 2000 quorum,
1261 1958 1358 1986 cum
1393 1944 1446 1986 de
1479 1944 1688 1986 memoria
1730 1944 1930 1998 legimus,
1971 1944 2018 1986 in

195 2020 386 2059 mentem
412 2015 539 2058 nobis
565 2016 695 2065 venit,
729 2019 967 2069 praecepta
995 2029 1273 2070 comparare:
1299 2015 1569 2058 lamblichus
1601 2015 1671 2057 De
1702 2030 1739 2058 v.
1770 2014 1901 2070 Pyth.
1933 2015 2017 2058 164

195 2091 349 2143 ἐτίμων
381 2093 483 2142 γοῦν
514 2088 683 2142 σφόδρα
715 2089 789 2141 τὴν
819 2089 993 2142 μνήμην
1023 2089 1093 2129 καὶ
1112 2088 1272 2142 πολλὴν
1305 2088 1431 2142 αὐτῆς
1468 2088 1685 2130 ἐποιοῦντο
1718 2088 1948 2141 γυμνασίαν
1977 2103 2019 2129 τε

196 2161 266 2202 καὶ
298 2159 531 2214 ἐπιμέλειαν
558 2192 565 2199 .
594 2192 601 2200 .
630 2189 638 2198 .
663 2156 770 2199 ibid.
807 2158 898 2200 166.
925 2158 1049 2200 οὐδὲν
1081 2159 1160 2213 γὰρ
1191 2159 1335 2212 μεῖζον
1365 2158 1474 2212 πρὸς
1510 2159 1738 2213 ἐπιστήμην
1768 2159 1839 2200 καὶ
1875 2158 2016 2212 ἔμπει-

195 2233 288 2285 ρίαν
319 2230 389 2272 καὶ
420 2230 626 2285 φρόνησιν
661 2234 734 2271 τοῦ
768 2230 976 2271 δύνασθαι
1012 2230 1314 2284 μνημονεύειν,·
1358 2230 1554 2284 εὕβουλία
1593 2232 1740 2270 autem
1784 2232 1850 2271 est
1893 2229 2017 2283 (256)

194 2301 298 2358 μηδ’
344 2301 691 2355 ἀπροβούλευτον
734 2301 837 2355 μηδ’
886 2301 1178 2342 ἀνυπεύθυνον
1220 2300 1354 2354 μηδὲν
1397 2305 1528 2342 ποιεῖν
1571 2317 1609 2342 κ.
1652 2317 1684 2342 τ.
1721 2302 1754 2342 λ.
1812 2298 2018 2342 Ceterum

195 2372 430 2414 memoriae
462 2371 671 2413 tractatio
706 2385 758 2412 ac
789 2370 888 2412 laus
920 2370 1114 2424 vulgaris
1147 2370 1269 2424 est1).

339 2442 409 2484 De
433 2442 642 2484 discendo
670 2442 859 2496 scriptor
884 2444 1114 2496 praeterea
1134 2455 1222 2483 uno
1244 2440 1336 2483 solo
1363 2441 1461 2483 1000
1488 2441 1720 2496 praecipit:
1756 2442 1780 2483 8
1801 2440 1841 2482 B
1873 2441 2018 2484 συλλο-

198 2515 274 2569 γὴν
317 2518 403 2556 τῶν
445 2515 638 2556 παλαιῶν
683 2515 1022 2569 συγγραμμάτων
1071 2511 1165 2554 fieri
1210 2515 1411 2566 oportere
1457 2516 1620 2564 censet,
1665 2526 1763 2554 cum
1805 2511 2017 2554 librorum

194 2585 323 2627 lectio
350 2587 534 2639 ὄργανον
559 2590 629 2639 τῆς
654 2586 843 2631 παιδείας
869 2584 936 2626 811.
964 2583 1083 2639 Quid
1108 2584 1245 2638 igitur
1271 2583 1396 2637 pueri
1428 2597 1450 2625 e
1477 2583 1600 2625 libris
1634 2582 1836 2625 discant?
1869 2581 2016 2637 Scrip-

194 2660 265 2698 tor
294 2656 508 2710 imprimis
540 2659 735 2697 veterum
755 2659 984 2698 auctorum
1011 2655 1204 2697 studium
1230 2655 1389 2709 poscit:
1421 2656 1506 2697 ἀπὸ
1530 2660 1668 2710 πηγῆς
1691 2656 1766 2710 τὴν
1790 2656 2017 2710 ἐπιστήμην

194 2732 329 2782 τηρεῖν
360 2729 636 2782 συμβέβηκεν.
669 2725 951 2782 Quamquam
982 2726 1093 2768 haec
1125 2726 1350 2781 scriptoris
1388 2725 1520 2768 verba
1553 2725 1858 2768 tantummodo
1890 2738 2017 2780 prae-

196 2800 369 2851 ceptum
401 2797 447 2838 in
480 2798 599 2839 omni
631 2797 876 2840 eruditione
908 2797 1087 2852 vulgare
1117 2796 1248 2839 facile
1275 2797 1500 2839 continere
1525 2800 1724 2850 possunt,
1758 2810 1811 2838 ex
1842 2810 1928 2850 quo
1961 2795 2017 2838 de

195 2868 478 2921 philosophia
525 2868 788 2911 concludere
832 2883 921 2910 non
965 2868 1108 2921 liceat,
1163 2872 1311 2910 tamen
1354 2882 1444 2910 11011
1488 2871 1578 2910 tam
1627 2867 1716 2910 late
1769 2881 1822 2910 ea
1864 2871 2017 2921 patere

195 2938 409 2990 existimo,
441 2942 491 2980 ut
516 2953 581 2987 ea,
609 2953 721 2993 quae
749 2943 875 2981 erant
898 2939 1061 2993 ubique
1089 2939 1209 2994 apud
1235 2939 1440 2993 antiquos
1472 2939 1518 2980 in
1544 2938 1701 2993 puerili
1726 2938 2015 2990 institutione,

195 3009 507 3062 significentur,
540 3014 589 3051 ut
619 3010 846 3052 Lucianus
879 3010 1082 3064 exprimit
1112 3009 1287 3052 Anach.
1333 3012 1389 3052 22
1434 3015 1586 3065 σοφῶν
1629 3010 1801 3063 ἀνδρῶν
1841 3010 2016 3064 γνώμας

338 3125 367 3169 ¹)
393 3126 448 3159 Cf.
475 3126 715 3162 Ps.-Isocrat.
744 3127 852 3173 Πρὸς
877 3129 966 3173 Δημ.
997 3128 1041 3163 34
1068 3128 1113 3162 de
1141 3129 1335 3174 εὐβουλία.
1405 3143 1408 3147 ’
