2138 3438
966 105 1260 147 —82—

203 247 278 288 bui
309 260 456 301 posse:
489 247 513 288 I
547 249 584 300 1,
616 248 746 299 4-5,
780 247 1017 302 praecipue
1050 247 1197 299 verba,
1231 261 1344 302 quae
1375 248 1601 302 praecepti
1632 248 1850 290 rationem
1882 248 2023 290 conti-

201 321 324 360 nent:
363 322 404 360 et
425 322 591 360 natura
618 319 885 361 tenacissimi
907 333 1064 360 sumus
1096 332 1130 360 e.
1152 332 1190 372 q.
1213 332 1258 370 s,
1293 317 1451 360 deinde
1485 320 1524 371 1,
1558 321 1583 361 8
1616 320 1666 361 de
1690 320 1848 374 pueris
1867 332 1906 361 e.
1928 333 1968 373 q.
1988 333 2022 361 s.

202 423 210 430 .
238 421 247 430 .
274 422 282 430 .
308 390 357 430 de
382 390 657 445 paedayoyis,
687 389 712 431 I
740 392 777 442 1,
809 392 863 432 16
892 389 945 432 de
976 388 1172 438 moribus
1204 390 1438 439 nutricum,
1474 389 1662 433 fortasse
1689 394 1733 432 et
1761 393 1798 444 1,
1832 392 2021 433 21—22.

202 459 294 503 Sed
324 464 375 502 ut
404 460 515 503 haec
548 462 747 515 quaestio
781 461 1016 503 diiudicari
1046 461 1199 514 possit,
1235 464 1336 503 ante
1370 461 1515 503 omnia
1541 475 1627 515 quo
1658 461 1789 504 modo
1821 461 1900 504 ille
1924 461 2022 516 phi-

200 531 411 585 losophus
442 532 650 574 laudetur
681 532 841 587 quidve
881 546 934 574 ex
965 531 1108 574 verbis
1142 530 1407 586 Quintiliani
1439 532 1645 575 concludi
1675 534 1829 588 possit,
1870 532 2020 575 viden-

202 603 307 645 dum
340 607 426 651 est.>
448 604 596 645 Primo
629 603 739 656 loco,
774 604 799 645 I
834 606 871 656 1,
908 605 947 657 4,
984 603 1219 659 Chrysippi
1252 605 1471 646 sententia
1503 604 1702 659 exposita
1734 605 1924 659 scriptor
1957 605 2020 646 sic

200 675 363 730 pergit:
397 679 438 717 et
459 689 632 717 morum
662 675 830 729 quidem
861 676 912 717 in
942 675 1011 717 liis
1043 676 1163 717 haud
1185 676 1312 718 dubie
1330 676 1458 731 prior
1488 677 1601 718 ratio
1632 680 1706 731 est,
1736 680 1844 719 recte
1876 680 2022 718 tamen

199 748 331 790 etiam
363 747 613 801 loquantur.
646 746 805 789 Nonne
830 746 1110 801 perspicuum
1136 750 1203 788 est
1228 745 1551 801 Quintilianum
1575 746 1695 789 illius
1720 751 2021 802 praeceptum,

205 818 281 872 qui
312 831 468 869 mores,
502 831 591 858 non
625 830 868 860 sermonem
898 815 1150 872 respexerit,
1179 821 1350 860 mutare
1383 822 1515 872 atque
1548 833 1637 861 non
1666 819 1796 861 modo
1829 818 1884 860 de
1915 818 2019 860 edu—

202 888 376 930 catione
416 888 585 942 morali,
629 888 707 930 sed
745 890 877 931 etiam
915 888 968 931 de
1000 889 1277 931 institutione
1322 890 1516 931 oratoria
1551 888 1837 944 praecipere?
1889 887 2021 944 Quod

199 960 334 1015 igitur
365 960 411 1001 in
442 960 568 1002 initio
600 960 863 1014 postulatur,
894 965 994 1004 ante
1026 961 1176 1003 omnia
1206 974 1260 1003 ne
1289 961 1350 1003 sit
1377 961 1563 1004 vitiosus
1594 975 1727 1004 sermo
1758 961 2023 1015 nutricibus,

199 1031 448 1085 Chrysippo
474 1045 563 1073 non
590 1035 656 1074 est
683 1031 889 1074 dandum.
921 1032 1035 1074 Item
1061 1032 1212 1086 aliqua
1239 1046 1336 1073 cum
1367 1032 1684 1086 probabilitate
1710 1046 1765 1074 ne
1786 1035 2021 1086 sequentes

201 1103 378 1157 quidem
409 1103 681 1157 paragraphi
714 1104 739 1145 6
774 1106 818 1145 et
851 1105 888 1157 7,
919 1103 995 1145 ubi
1027 1104 1073 1145 in
1104 1103 1362 1158 parentibus
1393 1103 1439 1145 id
1472 1103 1611 1145 solum
1643 1104 1846 1158 exigitur:
1888 1118 2021 1159 quam

194 1175 448 1230 plurimum
480 1188 565 1216 esse
597 1175 858 1217 eruditionis
889 1176 1142 1229 optaverim,
1177 1189 1289 1229 quae
1322 1174 1510 1217 eruditio
1542 1175 1701 1217 iterum
1732 1175 1943 1230 imprimis
1974 1175 2020 1216 in
2089 1209 2092 1211 ,

198 1248 318 1287 recte
364 1245 539 1286 dicendi
583 1259 666 1287 usu
710 1246 780 1287 sit.
833 1245 1146 1301 Quaecumque
1192 1245 1250 1288 ad
1293 1247 1614 1289 institutionem
1659 1247 1845 1300 oratoris
1882 1245 2022 1289 futuri

199 1316 399 1367 tendunt,
446 1316 499 1357 de
532 1315 781 1370 Chrysippo
825 1331 915 1358 non
949 1321 1051 1358 sunt
1083 1316 1342 1370 derivanda3
1388 1318 1452 1359 ita
1489 1318 1535 1359 in
1572 1318 1721 1372 pueris
1760 1331 1936 1372 quoque
1975 1321 2020 1360 e‘t

198 1387 469 1441 paedagogis
502 1389 560 1439 (1,
595 1386 641 1444 8)
675 1386 945 1442 Qintilianus
976 1387 1101 1429 illum
1133 1388 1226 1430 solo
1252 1389 1297 1430 in
1325 1402 1374 1431 eo
1402 1389 1526 1443 sequi
1544 1392 1705 1443 potest,
1739 1389 1858 1443 quod
1875 1403 2021 1431 mores

200 1459 387 1513 optimos
433 1459 577 1513 exigit,
624 1462 670 1501 at
702 1459 755 1501 de
788 1473 866 1501 suo
899 1460 1154 1514 praecipere
1186 1460 1359 1502 videtur
1390 1460 1464 1502 hoe
1500 1461 1706 1516 amplius,
1738 1465 1790 1502 ut
1818 1465 1899 1503 aut
1926 1462 2022 1505 sint

199 1530 363 1571 eruditi
388 1531 523 1584 plane
555 1545 588 1571 e.
623 1545 660 1585 q.
693 1544 739 1582 s.‚
786 1544 900 1584 quae
945 1530 1076 1572 verba
1120 1531 1224 1572 item
1270 1530 1327 1572 ad
1366 1531 1541 1573 dicendi
1581 1535 1719 1573 artem
1756 1532 2020 1586 pertineant.

200 1600 494 1654 Chrysippum
525 1615 678 1643 revera
710 1601 763 1643 de
797 1615 850 1643 ea
881 1602 1172 1653 institutione,
1216 1616 1329 1656 quae
1361 1602 1622 1644 eruditionis
1655 1603 1874 1645 oratoriae
1906 1617 2019 1645 sum-

198 1686 314 1713 mam
354 1672 571 1713 rationem
608 1672 756 1724 habet,
796 1672 908 1714 nihil
941 1673 1099 1728 egisse,
1139 1673 1217 1715 sed
1249 1660 1295 1715 in
1327 1674 1468 1727 prima
1500 1676 1645 1715 aetate
1679 1673 1818 1716 solam
1848 1688 2020 1716 morum

198 1743 504 1785 formationem
537 1744 770 1796 curavisse,
805 1758 919 1798 quae
953 1744 1136 1797 scilicet,
1166 1748 1216 1786 ut
1241 1759 1293 1787 ex
1317 1744 1601 1799 philosophia
1626 1746 1720 1787 eius
1746 1749 1942 1800 apparet,
1973 1746 2021 1787 in

198 1818 343 1857 mente
378 1828 428 1856 ac
462 1815 633 1857 ratione
666 1815 908 1857 excolenda
940 1820 1073 1870 atque
1106 1817 1150 1857 in
1185 1815 1394 1858 discendo
1428 1817 1513 1858 sita
1545 1820 1654 1868 erat,
1689 1817 1889 1871 sequenti
1920 1816 2018 1860 loco

197 1886 338 1940 magis
371 1886 503 1927 etiam
534 1886 765 1940 probatur:
798 1887 822 1928 I
846 1889 882 1939 1,
907 1888 961 1929 16
995 1887 1151 1929 melius
1175 1892 1335 1942 aute-m,
1365 1889 1445 1943 qui
1468 1889 1646 1930 nullum
1673 1892 1841 1943 tempus
1866 1902 2021 1932 vacare

197 1971 306 2000 eura
337 1959 502 2012 volunt,
533 1962 586 1999 ut
618 1958 906 2013 Chrysippus
951 1973 1055 2000 nam
1084 1960 1137 2013 is,
1170 1960 1368 2014 quamvis
1398 1960 1649 2002 nutricibus
1675 1960 1921 2002 triennium
1946 1960 2016 2002 de-
2066 1977 2069 1980 “

199 2029 323 2079 derit,
367 2032 512 2071 tamen
555 2029 609 2071 ab
644 2030 736 2070 iltis
779 2044 947 2085 quoque
982 2030 1074 2072 iarn
1094 2030 1383 2084 formandam
1425 2045 1560 2086 quam
1589 2031 1768 2086 opti-mis
1798 2032 2021 2074 institutis

198 2102 379 2142 mentem
422 2099 667 2154 infantium
709 2101 889 2142 iudicat.
935 2100 1028 2157 (17)
1072 2116 1152 2143 eur
1194 2106 1342 2144 autem
1383 2116 1474 2144 non
1505 2103 1725 2157 pertineat
1761 2103 1820 2144 ad
1855 2102 2021 2145 litteras

195 2174 329 2224 aetas,
373 2185 483 2225 quae
523 2172 581 2212 ad
617 2185 756 2213 mores
792 2172 885 2213 iarn
915 2172 1136 2226 pertinet?
1188 2172 1356 2214 Iterum
1393 2173 1509 2214 enim
1542 2172 1866 2227 Quintilianum
1897 2172 2020 2215 illius

196 2241 453 2296 philosophi
496 2245 795 2296 praeceptum,
842 2242 962 2296 quod
1002 2242 1141 2284 solam
1181 2243 1456 2297 sapientiam,
1499 2257 1669 2284 morum
1699 2244 2019 2297 perfectionem

197 2317 397 2367 appetat,
431 2313 680 2355 litterarum
701 2317 744 2355 et
764 2313 940 2356 dicendi
965 2315 1233 2356 institutioni
1259 2314 1474 2368 adaptare
1501 2314 1655 2367 elucet,
1688 2329 1786 2356 cum
1811 2315 2017 2357 educatio

196 2384 380 2426 moralis
413 2388 457 2426 et
489 2386 677 2427 oratoris
709 2384 848 2426 futuri
880 2385 1069 2427 eruditio
1102 2386 1218 2427 inter
1249 2399 1294 2427 se
1328 2389 1619 2439 opponantur.
1664 2385 1789 2440 Quae
1822 2400 1920 2428 cum
1952 2387 2016 2428 ita

201 2456 301 2505 sint,
348 2456 550 2510 equidem
583 2455 820 2511 Chrysippi
851 2460 1148 2511 praeceptum,
1194 2471 1280 2511 quo
1312 2460 1557 2511 parentum,
1595 2457 1830 2508 nutricum,
1871 2471 2017 2499 servu-

197 2527 353 2580 lorum,
399 2528 757 2582 paedagogorum
797 2542 940 2570 mores
979 2528 1132 2582 optimi
1169 2529 1414 2583 exiguntur,
1461 2527 1728 2582 Quintiliani
1758 2529 2020 2571 tractationi

199 2612 306 2640 sane
341 2598 519 2640 subesse
554 2599 826 2651 crediderim,
861 2599 938 2640 sed
970 2600 1047 2652 ita,
1080 2603 1130 2640 ut
1162 2614 1268 2641 cura
1298 2614 1411 2641 nova
1443 2613 1495 2641 ac
1524 2600 1664 2641 maior
1697 2599 1894 2652 accedat,
1929 2614 2018 2654 qua

199 2670 413 2712 sermonis
459 2674 503 2711 et
546 2671 851 2712 instructionis
890 2671 1108 2713 oratoriae
1146 2671 1250 2713 inde
1293 2685 1319 2712 a
1362 2671 1503 2724 prima
1548 2674 1693 2712 aetate
1739 2670 2017 2714 adhibendae
2088 2701 2089 2705 ,

199 2741 314 2782 ratio
347 2740 546 2789 habetur,
582 2756 847 2796 quamquam
878 2755 1047 2783 morum
1074 2741 1219 2784 cultus
1243 2742 1418 2783 minime
1444 2741 1706 2796 neglegitur.
1739 2742 1887 2797 Quare
1907 2741 2019 2784 nihil

202 2811 365 2863 obstat,
412 2812 519 2866 quin
552 2812 856 2867 Quintilianus
888 2812 1125 2867 Chrysippi
1163 2813 1324 2855 librum
1361 2812 1623 2866 adhibuerit,
1669 2814 1840 2855 etiamsi
1876 2813 2019 2856 multa

200 2883 257 2925 de
303 2897 380 2924 suo
425 2883 493 2925 vel
539 2883 717 2925 aliunde
763 2884 947 2926 addidit.
992 2884 1157 2926 Tamen
1203 2899 1300 2927 eum
1344 2897 1395 2926 ex
1435 2883 1555 2925 illius
1599 2884 1712 2926 libro
1751 2885 1894 2938 ipsum
1930 2898 2018 2927 non

201 2954 403 2996 hausisse
435 2954 621 2996 fortasse
649 2955 821 3009 opinari
848 2954 963 3004 licet,
996 2956 1032 2997 si
1058 2970 1168 3010 opus
1194 2956 1287 2997 eius
1309 2956 1558 2997 accuratius
1578 2956 1834 3010 inspicimus
1854 2969 2018 2998 rerum-

201 3038 287 3077 que
335 3026 506 3078 copiam
550 3027 862 3068 examinamus.
913 3027 1060 3068 Primo
1101 3027 1243 3080 capite
1287 3026 1397 3068 haec
1435 3030 1643 3081 aguntur:
1689 3026 1742 3069 de
1779 3026 1926 3069 indole
1965 3040 2018 3069 ac

200 3094 496 3136 facultatibus
529 3097 693 3139 innatis
727 3098 914 3139 oratoris
946 3097 1083 3139 futuri
1116 3098 1279 3155 (1—3)‚
1315 3098 1367 3139 de
1401 3111 1596 3140 sermone
1629 3112 1680 3140 ac
1711 3097 1906 3140 moribus
1937 3112 2016 3140 nu·
