2138 3438
951 139 1247 193 —so÷

188 286 438 340 ποιημάτων
470 283 640 326 ἀκούειν
665 281 886 323 tractavit.
917 280 1093 322 Deinde
1116 279 1173 321 ad
1192 279 1500 334 philosophiae
1525 280 1847 322 institutionem
1871 283 2015 321 trans·
2075 332 2082 336 .
2126 326 2128 333 Ι

189 356 224 397 it
281 354 520 396 secundum
562 353 792 404 rationem,
851 365 983 406 quam
1014 350 1284 393 Plutarchus
1314 350 1511 393 tradidit.
1554 350 1732 405 Logicis
1774 349 1901 404 pueri
1942 349 2013 391 in-

191 428 433 483 struuntur,
463 427 514 466 ut
543 428 662 466 recte
696 423 890 477 cogitent
922 436 972 464 ac
1012 421 1252 476 disputent,
1300 425 1393 463 arte
1425 421 1661 464 dialectica
1702 425 1747 464 et
1788 420 2016 462 rhetorica

189 496 467 539 imbuuntur:
502 495 579 537 sed
611 495 656 536 in
689 494 874 536 dicendo
907 494 1066 535 veteris
1100 491 1234 535 Stoae
1266 506 1386 535 more
1432 492 1720 546 definitiones,
1758 492 2009 543 divisiones,

190 582 356 611 meram
388 567 495 610 artis
528 567 775 609 doctrinam
807 564 1111 619 philosophice
1142 567 1380 606 tractatam
1412 564 1647 619 accipiunt.
1679 563 1734 606 In
1767 563 1924 605 ethicis
1956 561 2016 604 de

190 639 289 692 fine,
323 638 450 681 bonis
484 652 536 680 ac
566 636 707 690 malis,
738 637 898 679 virtute
931 639 1013 678 etc.
1047 635 1241 690 quadam
1279 635 1350 677 via
1394 649 1446 677 ac
1489 635 1659 678 ratione
1701 635 2019 685 instituuntur,

191 713 308 753 inest
337 723 491 763 nempe
523 723 627 763 pars
660 708 714 750 de
746 707 995 749 actionibus
1026 710 1070 749 et
1101 706 1154 748 de
1188 706 1356 748 officiis.
1389 706 1443 748 In
1467 706 1660 762 physicis
1685 706 1875 760 denique
1908 705 2012 748 doc-

190 783 311 824 trina
343 782 394 823 de
427 794 573 822 rerum
603 784 778 831 natura,
812 778 907 830 deo,
938 778 1126 832 homine,
1155 782 1302 820 mente
1335 780 1535 832 sequitur
1565 782 1610 820 et
1640 777 1757 820 unde
1790 791 1915 819 orsus
1945 779 2016 819 est

191 853 314 905 liber,
346 852 498 894 eodem
529 851 774 903 revertitur,
817 850 863 892 in
909 849 1138 892 sublimem
1182 854 1314 904 atque
1358 849 1631 892 reconditam
1673 847 2018 902 philosophiam.

192 925 325 968 Nunc
358 922 664 965 adulescentes
691 921 1000 976 philosophiae
1034 921 1173 963 sacris
1205 921 1370 963 initiati
1403 925 1515 974 sunt,
1559 934 1677 962 nunc
1715 919 1920 962 educatio
1952 918 2012 970 id,

194 996 314 1051 quod
345 995 620 1049 propositum
658 997 764 1046 erat,
809 997 1048 1035 consecuta
1093 996 1177 1035 est:
1223 996 1272 1035 ut
1314 992 1514 1035 homines
1558 991 1778 1046 sapientia
1822 989 2016 1033 absoluti

195 1068 377 1110 abirent.
412 1065 538 1108 Sicut
570 1064 835 1120 Quintiliani
866 1064 1188 1106 institutionem
1228 1064 1469 1106 oratoriam
1511 1063 1735 1115 habemus,
1785 1062 1863 1105 ubi
1906 1074 2011 1117 quo—

193 1138 323 1180 modo
355 1151 465 1192 puer
495 1136 596 1178 inde
637 1151 663 1178 a
693 1136 836 1190 prima
868 1135 1061 1178 infantia
1106 1134 1392 1177 instruendus
1425 1135 1493 1183 sit,
1536 1138 1586 1176 ut
1616 1133 1841 1188 perfectus
1884 1133 2021 1176 abeat

196 1213 358 1262 orator,
389 1208 672 1262 praecipitur,
699 1208 762 1248 ita
789 1206 1137 1261 Chrysippum
1163 1206 1561 1248 institutionem
1593 1204 2021 1260 philosophicam

195 1280 477 1335 scripsisse
510 1282 643 1332 atque
674 1277 861 1332 perfecti
892 1277 1082 1319 hominis
1116 1277 1326 1332 sapientis
1353 1276 1418 1319 vel
1444 1276 1699 1331 philosophi
1725 1275 2017 1318 eruditionem

196 1352 450 1408 exposuisse
481 1349 844 1392 verisimillimum
876 1353 954 1391 est.
989 1348 1116 1392 Certe
1144 1349 1181 1390 si
1212 1348 1414 1391 Platonis
1439 1347 1785 1402 Aristotelisque
1817 1346 2022 1401 exempla

196 1427 369 1466 secutus
400 1425 480 1474 est,
513 1422 577 1464 ita
609 1421 699 1463 fere
729 1434 822 1462 rem
854 1421 961 1475 egit3
1004 1419 1071 1461 illi
1114 1421 1229 1462 enim
1273 1421 1487 1474 optimum
1524 1419 1661 1462 civem
1690 1419 1897 1471 formant,
1943 1417 2022 1460 hic

197 1495 304 1549 quid
348 1493 469 1536 aliud
515 1506 647 1547 quam
690 1492 911 1534 hominem
955 1490 1228 1546 sapientem?
1257 1489 1259 1492 ⁴
1285 1491 1612 1546 Comparemus,
1666 1494 1716 1532 ut
1770 1489 2019 1544 exemplum

198 1565 390 1618 afferam,
422 1564 689 1615 Musonium,
737 1563 811 1617 qui
843 1563 1016 1604 etiamsi
1054 1562 1383 1617 philosophiam
1416 1561 1521 1604 solis
1562 1562 1609 1603 in
1651 1561 1845 1603 moribus
1888 1559 2020 1615 perfi-

197 1636 366 1680 ciendis
393 1634 724 1691 (καλοκαγαθία)
754 1635 884 1676 sitam
911 1647 1004 1676 esse
1030 1637 1172 1688 putat,
1199 1637 1344 1675 tamen
1374 1633 1428 1675 de
1453 1632 1610 1675 morali
1643 1632 1820 1687 quidem
1844 1632 2020 1674 instit-u·
2047 1668 2055 1670 ,

196 1710 315 1752 tione
349 1708 528 1762 copiose
559 1706 779 1761 praecipit
810 1704 953 1760 (Stob.
986 1704 1082 1747 Ecl.
1114 1704 1177 1756 II,
1211 1720 1251 1759 p.
1285 1706 1371 1747 240
1384 1704 1476 1761 W.)
1507 1703 1576 1747 vel
1607 1703 1912 1757 Iamblichum,
1943 1703 2023 1757 qui

195 1795 285 1823 non
330 1778 507 1822 Stoicus
551 1779 596 1820 in
635 1777 893 1819 brevissima
938 1776 1016 1818 illa
1066 1775 1257 1831 epistula
1299 1777 1410 1831 Περὶ
1451 1777 1621 1819 παίδων
1662 1778 1843 1831 ἀγωγῆς,
1886 1788 2020 1829 quam

198 1851 388 1907 Sopatro
436 1850 557 1892 misit
606 1848 746 1904 (Stob.
791 1847 887 1891 Ecl.
930 1848 993 1900 II,
1046 1849 1146 1900 233,
1199 1849 1253 1890 18
1298 1846 1404 1904 W.)‚
1451 1847 1498 1889 in
1548 1861 1646 1889 eum
1694 1846 1825 1889 finem
1873 1846 2026 1888 omnia

197 1924 340 1975 vertit,
372 1926 422 1964 ut
446 1923 562 1976 λόγοι
589 1920 777 1962 doceant
797 1923 840 1962 et
861 1921 1037 1975 ἀλήθεια
1065 1922 1369 1973 cognoscatur.
1400 1918 1563 1961 Nonne
1590 1918 1884 1973 Chrysippum
1907 1916 2018 1959 mul-

197 1999 243 2037 to
278 1993 526 2036 accuratius
565 1992 811 2033 doctrinam
854 1990 1163 2045 philosophiae
1209 1990 1463 2045 exposuisse
1508 1993 1640 2044 atque
1684 1990 1731 2031 in
1774 1988 2022 2031 eruditione

199 2065 394 2120 exegisse
426 2062 655 2118 probabile
689 2061 783 2104 est?
816 2062 890 2104 An
924 2060 1101 2104 Stoicae
1129 2065 1275 2104 sectae
1300 2062 1545 2116 principem
1568 2061 1714 2103 minus
1740 2060 1793 2103 de
1820 2059 2022 2102 doctrina

202 2141 334 2191 atque
365 2134 544 2190 placitis
577 2134 667 2175 suis
706 2133 943 2187 protulisse
986 2137 1203 2187 putamus,
1251 2147 1383 2187 quam
1425 2146 1537 2187 quae
1581 2135 1737 2187 postea
1779 2132 1824 2173 in
1857 2129 2023 2173 scholis

198 2207 401 2262 magistri
433 2203 725 2261 docebant1)?
763 2204 818 2245 In
849 2203 1175 2245 Ps.-Plutarchi
1221 2207 1366 2245 autem
1411 2203 1623 2258 opusculo
1666 2217 1755 2245 non
1793 2201 1934 2245 solum
1966 2201 2022 2244 de

199 2294 304 2321 vera
343 2277 603 2327 eruditione,
643 2275 696 2317 de
741 2274 901 2317 litteris
951 2278 1086 2329 atque
1131 2274 1316 2326 artibuS,
1369 2274 1421 2315 de
1465 2274 1773 2328 philosophiae
1817 2273 2024 2315 doctrina

200 2350 312 2392 nihil
342 2349 538 2403 legimus
574 2346 651 2389 sed
684 2347 816 2389 etiam
848 2347 988 2388 omnis
1021 2345 1329 2401 philosophiae
1356 2345 1484 2396 ratio,
1516 2349 1563 2386 ut
1595 2346 1659 2387 ita
1684 2345 1842 2396 dicam,
1877 2343 2019 2386 deest:

201 2434 419 2476 nusquam
452 2419 653 2461 doctrina
688 2422 809 2460 cer-ta
841 2421 973 2472 atque
1005 2431 1108 2469 una,
1140 2431 1359 2471 nusquam
1383 2415 1562 2471 placita,
1592 2429 1811 2469 nusquam
1842 2414 2024 2469 elegans

202 2507 254 2535 ac
272 2490 504 2534 rationalis
524 2490 858 2544 argumentatio.
878 2489 1025 2531 Locus
1046 2502 1140 2531 esse
1160 2488 1345 2540 videtur,
1379 2491 1429 2529 ut
1451 2500 1597 2542 pauca
1624 2486 1824 2539 adiciam,
1850 2499 1964 2540 quae
1985 2487 2022 2528 si

201 2566 290 2606 nOn
322 2564 367 2606 in
400 2562 635 2616 Chrysippi
666 2561 793 2614 libro,
828 2563 944 2602 certe
976 2561 1022 2602 in
1056 2559 1290 2602 cuiuslibet
1314 2557 1454 2601 Stoici
1487 2556 1712 2612 scriptoris
1745 2557 2023 2611 sequentium

203 2643 377 2689 quoque
397 2638 642 2688 temporum
660 2633 926 2674 tractatione
948 2631 1269 2675 desiderantur.
1296 2630 1414 2672 Ante
1430 2629 1576 2671 omnia
1594 2627 2022 2670 commemorandum

205 2711 283 2758 est,
314 2705 433 2760 apud
458 2704 846 2747 Ps.-P1utarchum
877 2702 941 2745 nil
973 2704 1077 2745 κατὰ
1109 2704 1236 2758 φύσιν
1261 2715 1372 2743 esse:
1405 2704 1449 2742 et
1476 2698 1651 2742 Stoicus
1684 2698 1768 2742 sit‘?
1799 2700 1854 2741 In
1885 2700 2022 2742 virtu-

202 2778 320 2820 tibus
346 2790 581 2831 puerorum
607 2775 768 2817 desunt
791 2776 977 2830 αἰσχύνη,
1003 2776 1148 2826 αἰδώς,
1176 2774 1388 2829 φρόνησις,
1420 2774 1637 2825 αὐταρκία,
1662 2771 1795 2820 aliae3
1830 2770 2021 2827 „virtus“
2046 2796 2051 2798 —

203 2863 292 2890 non
323 2862 412 2890 una
446 2852 579 2901 atque
612 2846 767 2889 eadem
799 2850 878 2894 est,
909 2859 997 2887 non
1029 2848 1342 2887 enumerantur
1386 2846 1596 2897 quattuor
1638 2843 1820 2885 virtutes
1859 2841 2021 2896 princi-

204 2920 346 2973 pales;
381 2918 492 2960 nihil
517 2918 571 2960 de
598 2916 857 2972 parentibus
878 2931 930 2959 ac
950 2916 1161 2958 fratribus
1188 2914 1424 2969 diligendis
1449 2914 1732 2968 praecipitur,
1758 2926 2023 2967 quamquam

350 3084 376 3128 1)
404 3083 459 3117 Cf.
487 3083 585 3117 Plut.
614 3084 668 3118 De
696 3083 780 3119 aud.
806 3085 907 3128 poet.
934 3082 1022 3117 250
1041 3108 1049 3117 .
1071 3109 1080 3117 .
1100 3082 1146 3117 ἐν
1177 3086 1299 3116 πᾶσιν
1325 3080 1562 3125 ἁμαρτωλὸν
1600 3078 1701 3115 εἶναι
1737 3078 1808 3115 τὸν
1831 3079 1962 3124 ἀμαθῆ
1982 3103 1990 3112 .
2011 3104 2022 3113 .

207 3145 428 3189 κατορθοῦν
454 3143 523 3178 τὸν
549 3145 708 3178 ἀστεῖον
723 3153 730 3161 ·
744 3149 864 3178 ταῦτα
882 3143 960 3188 γὰρ
983 3143 1030 3177 ἐν
1048 3146 1133 3185 ταῖς
1158 3141 1319 3186 σχολαῖς
1338 3141 1547 3184 ἀκούομεν.
