2138 3438
910 152 1204 193 -83-

150 295 311 338 tticum
352 293 519 352 (4—5)‚
563 293 618 336 de
661 293 909 336 eruditione
953 296 1184 347 parentum
1225 291 1391 349 (6—7),
1438 292 1491 335 de
1534 294 1682 347 pueris
1719 298 1764 336 et
1799 294 1963 349 paeda-

151 367 276 423 gogis
319 364 488 422 (8—9)‚
534 363 587 407 de
626 366 794 419 optima
836 364 1113 415 institutione
1158 363 1354 405 oratoria
1396 362 1621 420 (lo—11),
1667 364 1721 406 de
1765 379 1962 408 sermone

151 438 326 483 Graeco
365 435 575 479 discendo
615 436 828 492 (12—14)
861 439 906 478 et
936 435 1183 477 litterarum
1213 434 1489 476 institutione
1522 436 1741 488 (15—24),
1788 437 1962 491 singula

149 512 388 565 praecepta
420 507 477 549 ad
506 506 754 562 legendum,
795 505 1086 554 scribendum,
1123 505 1408 548 ediscendum
1437 506 1705 559 pertinentia
1737 509 1965 562 (25-37).·-

150 579 313 624 Omnia
351 579 487 634 igitur
516 579 605 629 uni,
645 582 694 620 ut
730 578 794 620 ita
831 577 988 630 dicam,
1015 577 1287 631 *conspectui
1320 576 1519 618 subiecta
1550 581 1668 619 sunt:
1714 592 1800 631 quo
1835 579 1961 621 modo

150 656 299 695 orator
342 650 517 692 futurus
567 664 594 692 a
637 650 778 704 prima
820 649 1010 703 pueritia
1052 647 1314 690 tractandus
1358 651 1490 702 atque
1539 648 1824 691 instruendus
1867 649 1961 692 est?

151 722 313 767 Omnia
342 722 389 763 in
421 721 607 764 eundem
637 720 767 762 finem
798 719 1000 771 tendunt,
1031 733 1121 761 una
1146 723 1280 773 atque
1306 719 1517 761 continua
1537 723 1652 761 sunt.
1684 719 1797 762 Cum
1817 725 1962 763 autem

150 795 239 837 iam
275 794 415 848 primo
448 793 592 846 capite
627 792 816 834 oratoris
847 791 928 833 illa
957 790 1141 845 perfecti
1171 791 1328 845 imago,
1370 805 1501 844 quam
1532 794 1626 833 toto
1659 805 1790 845 opere
1822 793 1960 848 Quin-

149 865 332 907 tilianus
364 864 549 919 appetit,
580 876 693 917 quae
724 877 892 904 morum
924 866 1056 916 atque
1089 862 1197 904 artis
1228 860 1542 915 perfectionem
1574 862 1813 917 coniungit,
1853 879 1960 918 pau-

149 937 275 979 latim
306 936 585 990 depingatur,
618 948 699 987 res,
731 948 863 988 quam
893 947 1010 974 nunc
1041 936 1295 985 tractamus,
1328 921 1380 974 ex
1411 946 1465 974 ea
1496 934 1754 986 quaestione
1786 934 1962 988 pendet,

149 1023 264 1062 quae
295 1007 425 1048 huius
455 1006 659 1060 imaginis
690 1005 855 1047 fontem
881 1005 1076 1059 inquirit.
1120 1003 1245 1059 Quae
1277 1017 1382 1046 sane
1420 1003 1491 1046 1110
1523 1004 1734 1058 explicari
1764 1019 1854 1047 non
1883 1020 1959 1061 po·

149 1083 255 1122 test:
288 1078 335 1120 id
365 1092 501 1120 unum
532 1078 640 1119 satis
673 1081 838 1119 certum
871 1080 937 1117 est
963 1075 1288 1131 Quintilianum
1313 1076 1456 1129 ipsum
1483 1079 1707 1117 auctorem
1737 1091 1826 1118 11011
1853 1092 1960 1131 esse,

150 1150 229 1192 sed
261 1149 411 1203 aliquo
443 1149 574 1190 modo
607 1147 661 1190 de
695 1147 858 1190 Stoicis
889 1147 1140 1201 penderel).
1183 1145 1557 1189 verisimillimum
1589 1150 1735 1189 autem
1766 1151 1834 1189 est
1863 1162 1962 1190 eum

150 1221 280 1276 primi
305 1219 409 1262 libri
435 1220 578 1273 capite
610 1219 764 1273 primo,
799 1218 918 1272 quod
950 1232 1048 1260 cum
1079 1218 1236 1259 ceteris
1266 1216 1397 1258 rebus
1429 1217 1646 1269 cohaeret,
1680 1217 1833 1259 eodem
1859 1233 1960 1261 auc-

148 1297 245 1335 tore
282 1292 360 1343 uti,
403 1305 455 1333 ex
487 1304 574 1345 quo
614 1290 799 1332 oratoris
845 1290 914 1331 sui
944 1289 1177 1343 imaginem
1219 1288 1386 1340 hausit;
1431 1302 1534 1330 nam
1578 1292 1623 1330 et
1658 1288 1830 1342 reliqua
1859 1290 1962 1333 libri

150 1364 281 1418 primi
313 1363 475 1417 capita,
521 1366 739 1416 quatenus
775 1361 861 1402 huc
899 1361 1122 1415 pertinent
1152 1385 1210 1390 —
1242 1359 1295 1401 de
1328 1373 1473 1401 rerum
1504 1361 1888 1414 grammaticarum
1918 1366 1963 1404 et

151 1435 256 1477 artis
300 1434 519 1476 oratoriae
563 1433 878 1475 elementorum
919 1431 1119 1474 fontibus
1162 1431 1234 1473 hic
1273 1432 1575 1485 quaestionem
1612 1445 1701 1473 non
1732 1446 1827 1475 esse
1859 1446 1960 1474 con-

150 1510 407 1549 sentaneum
439 1509 507 1547 est
548 1531 606 1535 —
649 1503 803 1546 eodem
833 1503 1023 1545 tendunt
1053 1502 1334 1556 eiusdemque
1366 1503 1501 1544 animi
1533 1506 1645 1544 sunt.
1690 1503 1830 1558 Quem
1863 1519 1960 1546 auc-

150 1582 290 1619 torem
322 1575 617 1630 Chrysippum
654 1589 748 1617 esse
778 1589 869 1617 non
900 1588 1029 1629 posse
1068 1574 1296 1616 declarare
1327 1587 1416 1615 non
1448 1577 1638 1627 oportet:
1683 1574 1959 1628 relinquitur,

150 1652 201 1690 ut
221 1647 548 1703 Quintilianum
580 1650 658 1688 aut
687 1646 806 1688 illius
837 1646 999 1689 librum
1023 1649 1200 1699 praeter
1226 1644 1337 1686 alios
1358 1643 1611 1686 adhibuisse
1632 1648 1708 1686 aut
1726 1644 1963 1700 Chrysippi

153 1719 285 1761 verba
316 1732 369 1760 ex
399 1718 477 1759 illo
509 1717 628 1759 fonte
660 1717 880 1759 derivasse
912 1717 1220 1765 existimemus,
1252 1730 1338 1769 quo
1373 1716 1627 1769 ceteroquin
1657 1716 1809 1757 utitur.
1841 1716 1961 1759 Illud

150 1805 250 1832 cum
286 1790 431 1831 minus
468 1788 698 1842 probabile
737 1788 943 1830 videatur
973 1787 1215 1829 secundum
1247 1800 1312 1839 ea,
1359 1801 1470 1840 quae
1503 1800 1639 1840 supra
1670 1788 1962 1842 exposuimus,

152 1861 373 1916 quoniam,
414 1874 526 1914 quae
564 1859 714 1914 aliquo
750 1859 882 1901 modo
914 1858 1150 1913 Chrysippi
1179 1858 1294 1900 libro
1327 1858 1510 1899 attribui
1546 1862 1745 1911 possunt,
1784 1860 1961 1913 proprio

151 1933 345 1987 quodam
380 1931 511 1972 modo
546 1934 718 1973 mutata
761 1934 807 1972 et
841 1943 980 1972 novae
1019 1930 1083 1971 rei
1115 1929 1329 1983 adaptata
1361 1932 1476 1980 sunt,
1520 1928 1604 1970 hoc
1633 1929 1853 1983 reliquum
1884 1935 1962 1973 est.

152 2005 283 2060 Quod
316 2003 452 2057 magis
476 2003 666 2046 fortasse
692 2002 779 2044 alio
805 2002 903 2044 loco
930 2002 1160 2056 probatur:
1193 2001 1218 2043 Ι
1246 2004 1282 2055 1,
1311 2003 1363 2044 15
1390 2001 1676 2055 complurium
1702 2003 1963 2057 scriptorum

150 2076 392 2118 sententias
423 2078 613 2127 enarrat,
644 2073 1040 2125 Pseudo-Hesiodi,
1072 2073 1394 2124 Eratosthenis,
1432 2072 1590 2115 deinde
1628 2074 1780 2115 melius
1815 2078 1962 2116 autem

150 2149 233 2202 qui
257 2182 265 2190 .
294 2181 303 2189 .
332 2179 342 2189 .
374 2150 427 2189 ut
461 2145 746 2201 Chrysippus.
796 2145 915 2187 Num
949 2145 1067 2186 credi
1098 2148 1245 2199 potest
1287 2144 1544 2198 scriptorem
1582 2145 1726 2198 ipsum
1758 2158 1833 2187 eas
1866 2159 1961 2187 sen-

150 2218 315 2260 tentias
361 2216 590 2272 collegisse
621 2230 765 2270 neque
806 2229 829 2257 e
861 2215 980 2257 fonte
1020 2229 1097 2257 suo
1129 2214 1436 2257 transtulisse-⁴?
1483 2214 1778 2269 Chrysippum
1816 2220 1962 2258 autem

152 2289 255 2331 illas
288 2289 530 2331 sententias
549 2286 785 2330 tradidisse
807 2291 922 2329 certe
942 2300 1031 2328 non
1051 2290 1118 2328 est
1146 2286 1392 2339 verisimile,
1424 2286 1542 2340 quod
1567 2286 1887 2328 Eratosthenes
1919 2291 1963 2329 et

151 2360 490 2414 Aristophanes,
530 2359 606 2413 qui
644 2362 1052 2410 commemorantur,
1095 2357 1303 2411 aequales
1335 2358 1428 2398 eius
1460 2361 1568 2398 natu
1598 2357 1790 2399 minores
1822 2362 1959 2399 erant.

152 2431 324 2473 Eodem
358 2430 489 2472 modo
526 2429 735 2472 facillime
768 2429 1011 2483 explicatur
1041 2442 1139 2470 eum
1170 2428 1194 2470 I
1226 2429 1294 2481 ll,
1327 2429 1379 2470 17
1421 2427 1714 2482 Chrysippum
1750 2432 1851 2482 post
1882 2428 1960 2471 So-

151 2506 318 2544 cratem
349 2505 393 2543 et
422 2501 654 2544 Platonem
679 2502 743 2543 ita
767 2500 967 2542 laudare:
999 2499 1304 2553 (chironomia)
1336 2534 1343 2541 .
1370 2531 1380 2540 .
1408 2531 1418 2540 .
1450 2503 1492 2541 et
1513 2499 1754 2554 Chrysippo
1777 2535 1784 2542 .
1808 2534 1817 2542 .
1844 2533 1853 2542 .
1873 2514 1961 2542 non

150 2574 325 2616 omissa.
357 2573 421 2615 Ut
449 2572 584 2627 igitur
616 2572 722 2626 quid
744 2571 943 2623 sentiam,
973 2570 1249 2612 concludam:
1284 2569 1645 2624 Quintilianus
1677 2569 1963 2625 Chrysippi

152 2643 341 2686 librum
373 2657 475 2686 non
506 2644 619 2697 ipse
651 2642 909 2693 adhibuit,
941 2641 1031 2683 sed
1063 2655 1176 2695 quae
1197 2640 1317 2683 illius
1335 2640 1502 2692 laudat,
1535 2655 1634 2683 cum
1654 2642 1813 2684 ceteris
1832 2641 1962 2684 rebus

150 2729 176 2756 e
207 2714 351 2756 fonte
383 2728 472 2756 suo
505 2713 842 2771 transtulit2).
874 2715 1014 2768 Quem
1047 2716 1272 2754 auctorem
1303 2715 1456 2765 utpote
1484 2710 1682 2754 Stoicum
1715 2711 1961 2767 Chrysippi,

299 2831 325 2877 ¹)
352 2832 409 2868 Cf.
436 2806 756 2876 Schanz,⁷Gesch.
785 2831 819 2866 d.
846 2832 926 2865 rom
947 2830 1063 2865 Liter.
1084 2830 1127 2864 II
1152 2831 1174 2865 2
1196 2829 1210 2851 ²
1233 2841 1268 2874 p.
1287 2830 1372 2873 3573
1399 2829 1446 2864 de
1471 2830 1619 2872 Arnim,
1646 2829 1770 2864 Leben
1798 2830 1874 2864 und
1900 2830 1959 2864 W.

151 2892 190 2926 d.
218 2892 313 2926 Dion
340 2903 375 2926 v.
402 2890 462 2925 Pr.
487 2903 522 2936 p.
549 2891 612 2935 913
638 2890 929 2932 Radermacher,
956 2890 1054 2925 Mus.
1080 2889 1201 2925 Rhen.
1227 2888 1317 2924 le
1346 2888 1427 2924 286.

296 2950 325 2996 ⁴²)
350 2949 524 2985 Ceterum
557 2961 635 2984 rem
674 2961 742 2994 pro
775 2953 876 2984 certo
909 2949 1105 2984 diiudicari
1143 2960 1218 2983 non
1249 2959 1355 2993 posse
1381 2948 1565 2983 existimo.
1604 2947 1678 2983 Sed
1708 2948 1820 2982 liceat
1847 2947 1962 2992 Quin-

151 3010 306 3044 tilianus
332 3009 530 3053 Chrysippi
555 3008 694 3043 librum
720 3009 832 3053 ipsius
864 3008 1088 3052 adhibuerit,
1126 3010 1225 3042 certe
1252 3019 1346 3052 quae
1372 3007 1429 3042 illi
1454 3007 1676 3052 philosopho
1714 3018 1788 3042 non
1814 3006 1962 3052 debeat,
2026 3051 2030 3054 .

151 3069 472 3103 adumbravimus.

1820 3138 1864 3173 6*
