2138 3438
930 124 1226 165 -99-

173 268 284 311 tales
324 282 391 311 res
431 266 488 310 ad
519 267 778 321 scriptorem
809 266 953 320 ipsum
985 265 1242 321 plerumque
1287 265 1506 320 pertinere
1537 265 1667 307 facile
1701 265 1985 320 intellegitur,

173 340 381 395 quoniam
411 338 500 381 illis
532 338 642 380 locis
673 352 1006 392 nonnumquam
1037 338 1132 392 ipse
1164 337 1359 391 loquitur
1392 340 1436 378 et
1467 336 1681 379 nonnulla
1715 351 1813 379 cum
1844 336 1984 379 libelli

171 411 341 453 ratione
385 409 594 453 eclectica
629 409 881 452 cohaerent.
923 407 1157 451 Neminem
1188 407 1300 463 fugit
1343 408 1598 462 scriptorem
1630 421 1652 449 e
1684 411 1813 450 tanta
1843 408 1983 462 philo-

172 482 407 537 sophorum
449 480 730 523 multitudine
763 494 895 522 unam
942 480 1080 523 solam
1110 479 1201 522 fere
1245 478 1458 522 familiam
1494 479 1668 521 novisse
1699 479 1851 531 videri,
1898 478 1982 522 So-

172 554 400 595 craticos
433 552 543 594 dico.
594 553 791 611 Quorum
824 552 1066 606 principem
1097 551 1330 593 Platonem
1361 550 1488 593 valde
1521 550 1766 593 admiratur
1798 554 1841 593 et
1872 554 1982 593 tam—

171 639 302 679 quam
323 624 456 675 deum,
473 628 720 666 veneratur.
750 624 930 679 Quanta
951 637 1048 665 cum
1068 622 1358 665 admiratione
1379 621 1479 664 illos
1499 626 1666 665 veteres
1693 622 1982 677 philosophos

170 695 300 750 colat,
332 695 628 750 compluribus
660 694 768 737 locis
802 698 1002 749 apparet:
1036 696 1061 736 2
1085 694 1119 737 O
1142 695 1148 736 ’.
1170 727 1179 735 .
1200 727 1208 735 .
1229 699 1312 736 τῶν
1342 696 1443 749 παρ’
1477 696 1630 737 ἅπασιν
1661 695 1888 750 ᾀδομένων
1909 727 1920 736 .
1941 726 1949 736 .
1973 729 1981 735 .

170 768 435 823 Πυθαγόρου
468 768 536 810 καὶ
567 768 829 820 Σωκράτους
861 769 930 809 καὶ
962 767 1194 813 Πλάτωνος
1226 766 1295 808 καὶ
1326 770 1421 819 τῶν,
1453 767 1544 808 ὅσοι
1577 767 1702 820 δόξης
1735 768 1982 821 ἀειμνήστου

167 842 448 894 τετυχήκασιν,
482 839 507 880 3
529 838 566 880 F
594 839 776 880 Πλάτων
803 840 826 880 ὁ
848 839 1074 892 δαιμόνιος,
1104 838 1156 879 10
1176 837 1216 878 Ε
1250 837 1304 878 de
1326 836 1536 891 Archyta,
1557 835 1754 887 Socrate,
1777 836 1984 879 Platone:

167 913 382 966 πειρατέον
414 911 490 953 οὗν
523 913 579 956 εἷς
606 911 707 952 ὅσον
728 911 816 952 οἷόν
834 911 867 951 τ’
890 911 981 963 ἔστί,
1014 910 1171 955 τούτοις
1190 910 1495 963 παραδείγμασι
1514 910 1760 963 χρωμένους
1781 941 1789 950 .
1810 942 1818 950 .
1841 944 1849 951 .
1882 909 1983 951 οὐδὲ

169 983 248 1037 γὰρ
280 985 336 1029 εἰς
367 983 490 1024 τᾶλλα
522 982 730 1030 ἐνάμιλλοι
761 987 845 1027 ταῖς
875 983 1047 1023 ἐκείνων
1085 981 1207 1034 ἐσμὲν
1239 982 1325 1023 οὐτ’
1353 982 1581 1034 ἐμπειρίαις
1619 982 1713 1022 οὔτε
1746 981 1981 1035 καλοκαγα-

170 1055 292 1100 θίαις.
331 1054 421 1096 ἀλλ’
450 1054 575 1096 οὐδὲν
608 1052 726 1108 ἧττον
770 1054 943 1095 ἐκείνων
975 1054 1118 1106 ὥσπερ
1157 1054 1274 1094 θεῶν
1306 1053 1544 1107 ἱεροφάνται
1576 1053 1645 1094 καὶ
1677 1053 1882 1106 δᾳδοῦχοι
1913 1057 1982 1106 τῆς

169 1127 321 1180 σοφίας
353 1127 480 1174 ὄντες,
511 1126 670 1178 ὅσαπέρ
701 1127 804 1166 ἔστιν
836 1129 879 1166 ἕν
912 1125 1086 1178 δυνατῷ,
1116 1129 1238 1166 ταῦτα
1271 1125 1487 1178 μιμεῖσθαι
1519 1125 1588 1165 καὶ
1618 1125 1864 1177 περικνίζειν
1895 1126 1980 1165 ἑπι-

169 1202 402 1252 χειροῦμεν,
436 1196 487 1238 11
510 1195 549 1237 Ε
583 1195 636 1237 de
659 1193 911 1238 Socraticis.
944 1194 1100 1249 Neque
1134 1195 1256 1236 deest
1274 1193 1477 1236 Platonis
1509 1193 1710 1236 imitatio.
1742 1193 1845 1236 Non
1871 1194 1980 1236 mul-

169 1271 262 1309 tum
288 1266 435 1319 refert,
461 1270 677 1321 quatenus
697 1266 816 1320 apud
836 1265 936 1308 illos
958 1279 1130 1320 quoque
1151 1269 1365 1317 auctores,
1399 1279 1421 1307 e
1444 1265 1601 1319 quibus
1621 1264 1982 1308 Ps.-Plutarchus

169 1342 408 1393 praecepta
439 1338 670 1392 congessit,
701 1337 876 1392 singula
908 1350 1107 1391 quaeque
1139 1336 1185 1378 in
1210 1337 1327 1379 hunc
1359 1337 1465 1379 artis
1491 1336 1709 1378 educandi
1740 1336 1982 1391 principem

168 1409 346 1453 nomine
378 1409 497 1452 dicto
530 1413 737 1452 revocata
770 1410 874 1463 sint,
912 1422 1009 1451 meo
1043 1409 1159 1450 enim
1190 1408 1355 1450 iudicio
1388 1408 1590 1451 Platonis
1627 1408 1818 1451 imitatio
1851 1409 1897 1450 in
1929 1423 1982 1451 ea

169 1496 219 1523 re
236 1495 406 1535 semper
425 1480 611 1535 vigebat.
632 1480 802 1523 Tamen
822 1479 1055 1522 Platonem
1074 1479 1146 1522 hic
1166 1481 1280 1522 tanti
1301 1480 1527 1522 aestimari
1548 1479 1982 1541 animadvertendum

170 1557 248 1604 est,
274 1556 324 1594 ut
350 1552 539 1607 scriptor
559 1552 651 1593 eius
671 1551 934 1594 auctoritate
955 1551 1081 1594 malit
1100 1555 1338 1606 praecepta
1358 1551 1628 1603 confirmare,
1662 1565 1793 1605 quam
1811 1552 1982 1594 ratione

171 1628 303 1680 atque
337 1623 733 1678 argumentatione.
772 1622 967 1664 Dubium
998 1637 1087 1665 non
1120 1627 1198 1675 est,
1233 1623 1339 1676 quin
1371 1623 1411 1664 ei
1446 1621 1662 1665 Socratici
1695 1626 1738 1664 et
1769 1623 1982 1676 imprimis

170 1695 299 1737 Plato
332 1708 547 1736 summam
578 1693 902 1747 philosophiam
935 1707 986 1735 ac
1019 1693 1282 1748 sapientiam
1312 1694 1453 1747 ipsam
1487 1692 1745 1747 significent,
1786 1693 1855 1735 cui
1887 1696 1981 1748 ipse

169 1779 344 1821 quoque
365 1765 525 1817 studet,
548 1764 720 1807 etiamsi
742 1778 787 1806 se
808 1767 1064 1818 ceterosque
1084 1764 1282 1806 homines
1303 1764 1402 1806 illas
1435 1765 1736 1818 praestantiae
1767 1764 1981 1820 imagines

170 1836 469 1880 sanctissimas
501 1850 741 1889 numquam
780 1835 983 1877 omnibus
1015 1835 1156 1877 modis
1188 1835 1351 1877 imitari
1383 1849 1512 1889 posse
1544 1848 1802 1890 persuasum
1834 1835 1980 1879 habet.

169 1908 256 1950 Pro
277 1910 395 1950 certo
418 1906 624 1948 contendi
643 1909 800 1960 potest,
830 1905 919 1948 tale
946 1906 1158 1948 iudicium
1190 1906 1409 1960 talemque
1441 1906 1726 1960 pristinorum
1756 1907 1981 1950 hominum

170 1978 434 2033 sapientium
477 1978 801 2020 venerationem
833 1991 939 2020 suae
971 1977 1243 2020 infirmitatis
1283 1978 1503 2021 consciam
1536 1976 1808 2020 Graecorum
1840 1978 1980 2033 philo-

173 2049 370 2105 sophiae,
395 2063 507 2103 quae
540 2053 634 2091 erat
659 2052 760 2103 post
778 2047 1065 2091 Aristotelem
1097 2063 1235 2103 usque
1262 2049 1319 2091 ad
1340 2049 1644 2092 eclecticorum
1670 2053 1874 2102 aetatem,
1906 2050 1982 2092 mi-

168 2122 282 2163 nime
316 2121 556 2173 convenire,
588 2124 764 2174 praeter
798 2134 947 2162 omnes
978 2135 1067 2163 non
1093 2120 1265 2163 Stoicis.
1298 2119 1451 2173 Stoici,
1485 2121 1560 2175 qui
1591 2135 1645 2163 ne
1672 2135 1775 2164 suae
1803 2121 1979 2175 quidem

170 2191 345 2235 scholae
377 2191 597 2246 principes
629 2205 840 2233 summam
867 2192 1130 2246 sapientiam
1158 2192 1341 2247 adeptos
1362 2205 1456 2234 esse
1484 2196 1721 2245 censerent,
1753 2191 1980 2235 Socratem

168 2263 236 2306 vel
267 2263 514 2318 Platonem,
546 2277 814 2317 quamquam
846 2262 1021 2317 plurimi
1054 2262 1279 2305 faciebant
1310 2266 1534 2317 totamque
1566 2263 1891 2318 philosophiam
1924 2265 1978 2307 ab

169 2334 230 2377 eis
263 2333 537 2386 derivabant,
568 2348 808 2388 numquam
840 2334 951 2376 adeo
984 2334 1185 2376 venerari
1218 2337 1465 2388 potuerunt,
1497 2338 1546 2376 ut
1572 2348 1646 2376 eos
1678 2349 1846 2378 summa
1878 2349 1977 2378 con-

169 2409 342 2449 secutos
372 2409 593 2461 putarent,
627 2405 785 2459 quibus
817 2405 950 2448 ceteri
981 2420 1221 2460 numquam
1252 2419 1382 2460 pares
1413 2406 1581 2448 fierent.
1615 2405 1791 2448 Stoicae
1816 2407 1979 2449 rationi

168 2478 433 2520 contrarium
458 2481 525 2519 est
550 2477 665 2519 inter
684 2477 882 2519 homines
903 2477 1168 2532 distinguere
1190 2491 1438 2531 eorumque,
1474 2477 1548 2531 qui
1567 2477 1825 2532 perfectioni
1846 2478 1978 2521 desti-

167 2549 260 2592 nati
303 2552 416 2600 sunt,
460 2549 631 2591 animos
676 2548 823 2591 divina
868 2547 1059 2602 quadam
1095 2552 1257 2590 natura
1301 2549 1525 2602 praeditos
1570 2548 1747 2602 habere,
1792 2554 1840 2591 ut
1883 2550 1978 2592 Ps.-

168 2619 433 2662 Plutarchus
465 2622 490 2662 2
514 2619 549 2663 C
582 2622 796 2675 εὐδαίμων
829 2621 905 2662 οὗν
937 2622 1005 2662 καὶ
1036 2621 1252 2675 θεοφιλής,
1289 2623 1331 2662 εἴ
1355 2637 1413 2671 τῳ
1450 2626 1572 2663 ταῦτα
1609 2623 1742 2664 πάντα
1774 2624 1891 2664 θεῶν
1922 2640 1978 2669 τις

169 2693 404 2734 ἀπέδωκεν.
447 2691 639 2735 Virtutis
670 2691 804 2746 igitur
835 2690 1048 2745 perfectio
1084 2704 1174 2733 non
1206 2704 1339 2745 penes
1370 2705 1450 2733 nos
1483 2694 1600 2746 (παρ’
1629 2695 1743 2747 ἡμῖν)
1777 2695 1856 2743 est,
1902 2693 1978 2734 sed

169 2765 356 2804 naturae
399 2766 576 2805 nostrae
622 2762 879 2805 condicione
923 2762 1181 2814 destinatur,
1225 2775 1336 2816 quae
1358 2762 1421 2810 ‚de
1461 2763 1640 2804 deorum
1671 2762 1979 2805 benevolentia

169 2832 235 2876 vel
269 2833 321 2875 de
353 2832 535 2875 fortuna
565 2833 740 2887 pendet.
784 2833 872 2889 Qui
905 2833 1013 2875 bene
1046 2833 1274 2887 praeditus
1308 2838 1385 2887 est,
1417 2834 1596 2876 deorum
1630 2834 1773 2888 gratia
1802 2834 1976 2887 fruitur,

169 2905 371 2960 θεοφιλής
396 2907 480 2957 est3
509 2905 642 2946 ceteri
667 2903 894 2947 inferiores
922 2919 974 2946 ac
1001 2903 1167 2946 debiles
1193 2904 1433 2948 minoribus
1461 2905 1656 2947 contenti
1682 2919 1775 2947 esse
1803 2905 1976 2948 debent.

168 2976 241 3018 Ita
273 2989 447 3029 quoque
478 2974 822 3030 intellegendum
854 2980 960 3030 puto
993 2976 1249 3030 scriptorem
1279 2978 1405 3031 τύχην
1436 2976 1663 3031 permagni
1695 2976 1856 3029 facere,
1891 2991 1978 3031 qua

169 3046 395 3088 hominum
415 3060 484 3088 res
509 3047 822 3100 gubernentur:
861 3049 885 3089 8
906 3047 944 3088 F
972 3049 1042 3103 τὴν
1073 3049 1199 3103 τύχην
1231 3050 1523 3099 αἰτιάσθωσαν,
1555 3051 1606 3091 οὗ
1631 3049 1700 3091 τὸν
1726 3053 1849 3091 ταῦτα
1874 3065 1975 3103 συμ-

168 3119 436 3173 βουλεύοντα,
469 3119 524 3159 14
545 3116 580 3160 O
612 3119 656 3160 τὸ
688 3119 764 3173 μὲν
797 3119 873 3160 οὗν
898 3121 1034 3166 πάσας
1058 3121 1127 3167 τὰς
1152 3122 1459 3177 προειρημένας
1484 3120 1802 3176 συμπεριλαβεῖν
1827 3136 1975 3175 παραι-

1836 3200 1879 3237 7*
