2138 3438
931 144 1223 186 -89-

164 284 352 327 inveniri
375 298 466 327 non
495 288 693 339 possunt,
726 285 773 326 in
799 284 960 339 quibus
993 284 1207 337 omnibus,
1239 288 1291 327 ut
1323 284 1442 339 apud
1472 285 1588 327 viros
1616 284 1769 327 doctos
1796 288 1986 336 constat,

163 355 335 411 Cynica
365 355 710 411 philosophandi
740 356 854 398 ratio
881 355 980 410 plus
1012 357 1208 398 minusve
1239 355 1430 411 vigebat.
1463 356 1607 411 Quam
1637 355 1832 407 multum,
1863 359 1914 398 ut
1937 355 1984 398 id

166 441 299 469 unum
337 426 531 480 afferam,
572 428 688 468 inter
729 426 1123 481 Ps.-Plutarchum,
1165 427 1242 481 qui
1283 429 1327 481 (8
1347 427 1508 483 E—F)
1551 427 1831 481 pauperibus,
1864 426 1984 482 quod

163 497 366 540 cultioris
397 497 659 540 eruditionis
700 502 900 552 expertes
933 498 1035 551 sint,
1081 501 1131 540 ut
1161 500 1235 554 τὴν
1264 499 1392 554 τύχην
1423 500 1708 541 αἰτιάσθωσαν
1740 498 1924 540 suadeat
1935 498 1982 555 ¹),

165 572 213 611 et
236 567 433 612 Teletem
450 569 649 621 interest,
677 571 754 623 qui
773 568 888 626 (Tel.
914 569 990 611 rel.
1011 584 1054 623 p.
1075 571 1131 612 34
1151 569 1320 622 Hense)
1343 572 1651 624 paupertatem
1676 569 1984 623 philosophiae

164 639 314 682 studio
347 654 438 682 non
469 639 658 692 obstare,
699 640 777 682 sed
807 640 1016 695 prodesse
1048 639 1338 683 demonstret!
1371 640 1499 696 Quae
1530 654 1600 682 res
1631 654 1720 682 non
1752 639 1894 682 solum
1926 640 1984 682 ad

166 711 397 766 scriptoris
429 712 622 754 animum
651 711 888 766 pertinent,
923 711 1002 754 sed
1026 712 1160 754 etiam
1186 711 1240 754 de
1271 715 1367 754 tota
1393 712 1484 754 eius
1510 711 1794 766 philosophia
1824 711 1983 754 valent.

165 782 396 837 Nusquam
436 781 622 837 simplex
662 796 714 825 ac
757 786 890 825 tenue
934 782 1108 825 vivendi
1140 796 1290 837 genus,
1333 786 1560 825 austeram
1591 783 1810 834 virtutem,
1839 797 1984 825 rerum

164 852 476 908 hominumque
521 855 880 908 contemptricem
922 853 1091 907 laudat,
1109 839 1350 908 ‘nusquam
1381 854 1573 906 divitias,
1617 853 1847 906 luxuriam,
1882 868 1983 896 ava-

165 925 313 967 ritiam
350 925 592 980 impugnat,
634 939 852 979 nusquam
883 924 937 967 de
974 925 1181 967 universa
1223 939 1393 968 morum
1423 926 1642 980 pravitate
1674 929 1718 967 et
1759 925 1985 967 hominum

164 995 364 1039 stultitia
397 996 610 1050 queritur.
671 996 789 1039 Nam
820 995 979 1051 quodsi
1009 996 1359 1038 adulescentium
1383 996 1491 1039 vitia
1517 1011 1570 1039 ac
1599 996 1806 1038 libidines
1836 996 1985 1038 immo-

167 1066 346 1109 deratas
378 1067 662 1123 reprehendit
703 1066 772 1109 vel
817 1067 962 1110 omnia
1005 1067 1123 1110 bona
1155 1066 1404 1110 eruditione
1438 1067 1693 1122 praeposita
1729 1067 1985 1119 contemnit,

164 1139 364 1193 profecto
409 1154 521 1194 opus
563 1153 653 1181 non
693 1142 760 1181 est
803 1137 1012 1189 Stoicam,
1055 1139 1217 1181 nedum
1248 1138 1460 1193 Cynicam
1502 1140 1706 1181 virtutem
1750 1139 1985 1193 suspicari3

165 1224 255 1252 non
302 1209 443 1253 solum
486 1209 863 1264 philosophorum,
909 1210 986 1252 sed
1022 1210 1155 1252 etiam
1197 1213 1428 1264 poetarum
1470 1209 1584 1252 tales
1621 1224 1691 1253 res
1735 1223 1984 1252 communes

165 1285 283 1324 sunt.
327 1281 391 1324 Ut
435 1281 557 1336 apud
595 1295 693 1323 eum
735 1294 884 1322 veram
927 1281 1132 1323 vitiorum
1175 1281 1510 1335 castigationem
1544 1281 1695 1323 deesse
1728 1295 1982 1335 cognoscaS‚

164 1366 392 1407 compares
431 1366 597 1407 quaeso
637 1351 834 1395 Senecae
874 1352 944 1393 vel
984 1351 1209 1394 Iuvenalis
1256 1353 1478 1395 orationes
1519 1352 1808 1407 Philippicas,
1851 1356 1903 1393 ut
1933 1366 1984 1394 eo

164 1423 297 1466 verbo
328 1428 441 1467 utar.
473 1423 713 1466 Praeterea
757 1423 1196 1465 animadvertendum
1228 1427 1295 1466 est
1325 1437 1474 1466 vocem
1509 1423 1807 1478 „popularis“,
1853 1437 1985 1477 quam

165 1509 440 1549 usurpamus,
481 1496 605 1537 varia
647 1493 917 1549 significare:
962 1494 1291 1536 Ps.-P1utarchi
1332 1495 1623 1549 cogitationes
1661 1495 1725 1537 ita
1768 1493 1985 1549 appellari

164 1569 361 1621 possunt,
401 1565 520 1619 quod
563 1565 866 1607 communibus
910 1579 964 1607 ac
1001 1565 1258 1620 vulgaribus
1288 1565 1543 1608 notionibus
1576 1565 1741 1607 similes
1774 1569 1887 1618 sunt,
1918 1564 1986 1606 illi

165 1640 327 1688 autem,
371 1636 425 1678 de
470 1635 629 1690 quibus
673 1636 875 1690 quaestio
919 1640 999 1688 est,
1044 1636 1311 1691 philosophi,
1368 1641 1418 1678 ut
1458 1636 1755 1678 multitudinis
1806 1639 1984 1690 gustum

166 1708 387 1750 duriorem
425 1707 709 1760 delectarent,
753 1707 995 1761 asperrima
1039 1721 1240 1762 quaeque
1279 1712 1322 1749 et
1364 1707 1595 1762 paradoxa
1638 1707 1910 1749 adamabant
1942 1711 1985 1749 et

165 1793 309 1822 mores
351 1780 469 1821 omni
513 1779 738 1821 doctrinae
783 1778 1027 1820 subtilitate
1076 1778 1278 1832 neglecta
1322 1792 1373 1821 eo
1417 1779 1559 1833 magis
1610 1780 1808 1821 curiosos
1853 1782 1897 1820 et
1938 1779 1985 1820 in

165 1850 295 1906 plebe
339 1850 541 1892 efficaces
583 1849 842 1892 reddebant.
883 1848 1075 1892 Accedit
1112 1849 1301 1904 denique
1340 1854 1645 1904 argumentum
1682 1863 1825 1904 grave,
1866 1848 1985 1903 quod

164 1922 300 1964 etiam
340 1922 387 1963 in
430 1925 576 1963 vetere
621 1920 732 1963 Stoa
771 1920 918 1963 valere
961 1921 1151 1962 videtur:
1197 1920 1560 1964 Ps.-Plutarchus
1599 1934 1655 1962 ne
1685 1935 1773 1962 uno
1807 1919 1985 1974 quidem

166 1992 299 2034 verbo
317 1991 583 2034 feminarum
608 1991 915 2034 educationem
941 1995 1268 2034 commemorat.
1300 1991 1417 2034 Nam
1444 2006 1592 2034 omnes
1620 1990 1759 2034 Stoici
1783 1991 1985 2033 mulieres

165 2077 191 2105 e
221 2062 506 2117 philosophia
535 2077 626 2104 non
657 2067 948 2115 removerunt,
981 2063 1113 2105 immo
1147 2062 1408 2105 feminarum
1439 2067 1483 2104 et
1514 2063 1705 2105 virorum
1736 2062 1985 2116 virtutem2)

167 2133 357 2188 ideoque
371 2137 503 2176 etiam
518 2134 822 2176 educationem
841 2133 1029 2176 eandem
1055 2148 1149 2176 esse
1170 2134 1326 2176 debere
1349 2133 1726 2190 confirmabant3).
1740 2133 1983 2187 Praecipue

167 2209 315 2248 autem
345 2205 627 2260 philosophia
658 2205 886 2260 popularis
915 2205 1030 2247 hanc
1064 2205 1316 2260 opinionem
1346 2204 1561 2247 defendit:
1603 2205 1815 2247 habemus
1859 2205 1983 2246 testi-

167 2276 362 2319 monium
393 2276 590 2319 Musonii
633 2280 875 2319 tractatum
919 2277 976 2319 Εἰ
1014 2278 1317 2332 παραπλησίως
1362 2278 1605 2319 παιδευτέον
1647 2277 1719 2323 τὰς
1754 2278 1984 2330 θυγατέρας

314 2441 341 2486 ¹)
361 2441 498 2487 Quare,
523 2443 552 2477 si
579 2430 768 2486 Dyroffius
794 2444 846 2487 (p.
872 2442 941 2478 293
963 2441 1048 2477 adn.
1069 2443 1105 2486 3)
1125 2443 1346 2487 scriptorem
1367 2442 1405 2476 in
1426 2441 1623 2486 Chrysippi
1643 2440 1729 2475 libri
1755 2441 1866 2474 titulo
1894 2443 1981 2475 ante

167 2499 324 2536 παίδων
352 2503 368 2536 1
384 2503 420 2536 A
443 2503 674 2548 ἐλευθέρων
711 2502 907 2536 inseruisse
944 2504 1063 2547 putat,
1103 2504 1142 2536 et
1167 2501 1285 2536 libelli
1311 2503 1349 2536 et
1374 2501 1566 2545 scriptoris
1592 2502 1766 2534 naturam
1790 2499 1984 2545 negleglit.

168 2559 282 2596 cuins
307 2561 501 2605 opiniones
528 2572 673 2606 semper
698 2561 767 2595 sibi
794 2563 985 2595 constant:
1012 2561 1149 2605 ubique
1176 2561 1274 2595 solos
1300 2561 1492 2605 ingenuos,
1520 2559 1633 2594 etiam
1653 2558 1789 2593 divites
1813 2559 1985 2594 homines

170 2620 322 2664 respicit
347 2622 384 2654 et
402 2619 480 2664 ipse
500 2631 612 2664 supra
629 2620 765 2666 vulgus
792 2621 911 2654 elatus
931 2623 987 2654 est
1007 2619 1070 2665 (cf.
1090 2620 1111 2654 6
1127 2619 1159 2654 Β
1171 2625 1255 2664 τοῖς
1274 2617 1575 2665 συρφετώδεσιν
1588 2619 1748 2664 ὄχλοις).
1793 2617 1984 2663 Quatenus

170 2678 209 2712 in
227 2689 272 2712 ea
289 2678 518 2722 superbitate
544 2679 704 2713 aliorum
729 2678 1038 2724 philosophorum
1078 2679 1242 2712 animum
1268 2678 1433 2712 nobilem
1459 2678 1691 2721 arduumque
1729 2678 1898 2712 imitatus
1925 2678 1984 2720 sit,

171 2735 326 2771 difficile
350 2736 453 2772 dictu
479 2740 534 2772 est
549 2737 613 2782 (cf.
634 2737 791 2782 Pythag.
817 2737 924 2773 Stob.
950 2737 1031 2772 Ecl.
1051 2737 1110 2771 IV
1123 2738 1205 2782 209,
1233 2738 1275 2772 16
1291 2737 1346 2780 Η;
1373 2736 1470 2771 Plat.
1484 2737 1568 2781 Pol.
1586 2737 1654 2771 431
1671 2735 1728 2781 C).
1754 2735 1855 2770 Illud
1875 2737 1984 2772 ἐλευ-

169 2795 302 2841 θέρων
326 2796 443 2840 igitur
467 2795 516 2830 ad
540 2797 657 2831 totius
683 2797 802 2831 libelli
840 2800 1015 2831 naturam
1042 2797 1213 2841 quadrat,
1245 2807 1340 2840 quae
1365 2806 1474 2831 verae
1500 2795 1715 2830 Stoicorum
1740 2795 1878 2829 rationi
1909 2806 1982 2829 non

170 2854 359 2899 convenit,
383 2854 534 2899 nedum,
559 2867 653 2900 quae
679 2855 828 2900 Cynicis
854 2856 1026 2901 proxima
1053 2856 1112 2890 sit.

315 2937 343 2982 2)
369 2936 540 2973 Clemens
566 2939 629 2973 Al.
653 2938 767 2974 Paed.
787 2938 808 2973 Ι
833 2938 857 2972 4
881 2938 954 2983 τὴν
980 2938 1100 2983 αὐτὴν
1125 2938 1270 2983 ἀρετὴν
1294 2937 1443 2985 ἀνδρὸς
1467 2941 1530 2975 καὶ
1555 2938 1743 2984 γυναικὸς
1766 2937 1876 2974 εἶναι.

316 3020 343 3058 ³)
367 3019 426 3055 Cf.
451 3019 677 3065 Wendland,
716 3020 869 3066 Quaest.
908 3021 1049 3056 Muson.
1087 3032 1123 3066 p.
1149 3022 1194 3056 23
1234 3021 1319 3056 adn.
1347 3023 1384 3065 13
1422 3021 1621 3066 Dyroffius,
1659 3021 1746 3056 Eth.
1773 3020 1808 3055 d.
1835 3033 1867 3056 a.
1892 3021 1985 3057 Stoa

172 3091 208 3124 p.
235 3078 303 3114 311
330 3079 392 3123 qui
431 3079 562 3115 laudat
598 3079 790 3115 Cleanthis
828 3075 981 3114 librum'
1008 3080 1103 3126 Περὶ
1139 3087 1210 3116 τοῦ
1234 3081 1292 3116 ὅτι
1316 3081 1339 3126 ἡ
1376 3080 1471 3126 αὐτ-ὴ
1509 3080 1629 3127 ἀρετὴ
1655 3082 1717 3116 καὶ
1743 3079 1893 3127 ἀνδρὸς
1921 3083 1984 3116 καὶ

173 3137 374 3183 γυναικός,
398 3149 508 3182 quem
534 3142 666 3173 contra
690 3139 907 3184 Peripatum
933 3140 1113 3184 scriptum
1138 3150 1216 3174 esse
1243 3142 1380 3175 censet.
