2138 3438
937 141 1230 182 -93-

175 281 334 325 debere
357 295 518 337 magno
545 295 619 324 ore
645 281 865 323 declamat
889 286 934 324 et
960 281 1068 336 quid
1093 285 1230 333 sonet,
1257 281 1416 334 valeat,
1451 282 1675 324 contineat
1699 281 1998 336 philosophia,

177 353 351 405 omittit,
384 367 483 395 cum
514 352 718 394 virtutem
751 366 921 407 semper
952 353 1091 395 iactat
1121 356 1165 395 et
1194 352 1378 394 virtutes
1403 352 1565 395 multas
1598 367 1650 394 ae
1681 367 1866 408 magnas
1898 353 1992 407 ipse

174 425 326 467 nescit.
358 424 530 478 Itaque,
561 428 612 465 ut
642 438 761 466 nunc
787 427 984 478 apparet,
1018 424 1179 466 mentis
1211 424 1514 477 eruditionem,
1547 438 1660 478 quae
1695 438 1862 478 semper
1900 438 1990 467 ma-

175 497 242 538 ior
273 495 549 538 educationis
580 509 685 549 pars
716 499 824 547 erat,
856 492 1016 547 omisit,
1056 508 1341 549 nequaquam
1374 495 1493 549 quod
1524 502 1601 537 eas
1631 509 1702 537 res
1745 496 1791 537 in
1833 496 1995 537 virtute

175 565 464 620 adipiscenda
497 579 792 620 supervacuas
826 570 904 608 aut
933 571 1143 608 nocentes
1174 580 1269 608 esse
1304 566 1476 608 censuit
1500 591 1558 596 —
1582 580 1686 608 nam
1718 567 1755 608 si
1786 567 1849 608 ita
1879 566 1991 608 iudi·

176 638 375 689 cavisset,
409 651 581 679 omnem
613 636 906 679 eruditionem
947 651 1000 679 ac
1043 637 1290 679 doctrinam
1335 641 1596 691 aspernatus
1639 641 1755 679 esset
1796 642 1839 679 et
1882 637 1994 679 vitu-

174 713 376 763 perasset
406 733 463 738 —
497 709 573 755 sed
606 709 711 762 quia
741 722 832 750 non
862 712 1002 750 totam
1035 708 1343 750 educationem
1373 713 1552 762 tractat,
1584 708 1662 750 sed
1693 722 1790 750 eam
1821 712 1992 762 partem

176 780 327 832 solam,
361 794 475 834 quae
519 794 689 822 morum
734 779 1123 822 conformationem
1167 784 1212 821 et
1254 783 1371 821 recte
1413 779 1589 822 vivendi
1632 779 1993 822 consuetudinem

176 851 381 894 continet.
413 850 562 906 Quare
594 851 640 892 id
672 865 808 892 unum
841 850 1204 892 verisimillimum
1233 850 1342 892 mihi
1374 851 1551 905 quidem
1578 851 1768 894 videtur:
1799 850 1991 893 libello

175 921 570 964 Ps.-P1utarehi
600 924 872 964 tractatus
912 921 1140 975 suberat,
1186 922 1273 976 qui
1306 921 1470 964 solam
1513 922 1762 964 moralem
1805 923 1995 964 educa-

174 993 370 1035 tionem
403 993 713 1035 continebat
743 993 877 1046 idque
921 994 994 1045 ita,
1038 996 1088 1034 ut
1132 992 1252 1035 solae
1297 993 1480 1035 virtutes
1522 997 1834 1044 tractarentur,
1879 1006 1996 1047 quae

173 1064 319 1106 minus
350 1065 396 1106 in
422 1065 612 1106 hominis
638 1065 797 1117 animo,
830 1078 963 1118 quam
989 1065 1036 1106 in
1061 1064 1244 1107 vivendo
1271 1068 1314 1106 et
1340 1065 1385 1106 in
1411 1065 1636 1107 hominum
1662 1080 1746 1107 usu
1766 1067 1997 1119 apparent.

174 1135 236 1177 Et
267 1149 320 1178 ex
352 1136 406 1177 iis
436 1134 580 1188 rebus,
612 1149 725 1189 quae
758 1136 921 1188 insunt,
953 1139 997 1177 et
1026 1135 1167 1189 magis
1199 1136 1332 1177 etiam
1358 1149 1411 1177 ex
1437 1136 1504 1187 iis,
1539 1150 1650 1190 quae
1683 1136 1856 1187 desunt,
1891 1149 1992 1177 con-

176 1206 352 1249 cludere
383 1207 489 1248 licet
526 1207 784 1260 scriptorem
826 1221 916 1248 non
946 1211 1107 1248 temere
1151 1211 1395 1261 praecepta
1425 1206 1633 1261 locosque
1679 1207 1905 1262 collegisse
1949 1211 1995 1248 et

175 1277 291 1320 forte
322 1277 392 1319 vel
436 1282 591 1332 sponte
623 1291 694 1319 res
725 1278 940 1319 maximas
985 1278 1196 1330 omisisse,
1242 1278 1320 1319 sed
1362 1292 1460 1320 eum
1505 1282 1745 1320 tractatum
1790 1278 1994 1332 aliquem,

177 1349 301 1391 euius
331 1353 537 1391 naturam
570 1347 797 1403 descripsi,
843 1347 942 1390 aliis
974 1348 1104 1390 rebus
1149 1348 1328 1391 aliunde
1372 1350 1522 1403 petitis
1566 1350 1738 1391 auxisse
1784 1353 1827 1391 et
1871 1349 1993 1391 varia

174 1424 421 1474 praecepta
454 1419 523 1461 vel
567 1419 874 1462 additamenta
917 1420 1164 1462 exornandi
1209 1434 1345 1462 causa
1388 1420 1602 1463 adiecisse
1635 1422 1787 1475 itaque
1831 1420 1993 1462 librum

174 1493 268 1545 περὶ
303 1492 470 1534 παίδων
512 1493 684 1546 ἀγωγῆς
729 1490 988 1541 confecisse,
1040 1491 1116 1545 qui
1161 1495 1292 1533 antea
1336 1491 1389 1533 de
1434 1506 1670 1545 puerorum
1711 1492 1907 1534 moribus
1941 1505 1996 1533 ac

175 1562 348 1604 vivendi
379 1575 537 1616 genere
580 1561 738 1603 fuerat.
791 1562 925 1603 Hanc
968 1561 1059 1604 fere
1105 1562 1317 1616 originem
1358 1562 1499 1604 libelli
1543 1563 1742 1605 conicere
1787 1563 1994 1617 cogimur,

178 1632 298 1687 quod
331 1632 461 1674 aliter
501 1633 778 1675 educationis
814 1633 938 1675 notio
977 1637 1068 1675 tam
1102 1638 1293 1687 angusta
1326 1648 1378 1675 ac
1407 1634 1552 1676 tenuis
1579 1634 1789 1688 explicari
1820 1634 1891 1674 vix
1922 1648 1997 1687 po-

177 1708 278 1746 test.
328 1703 378 1746 Si
421 1703 613 1758 denique
645 1704 862 1746 eiusmodi
906 1705 1052 1758 operis
1086 1705 1275 1758 speciem
1313 1705 1358 1746 in
1402 1704 1767 1759 philosophorum
1816 1706 1997 1759 scriptis-

176 1775 438 1829 quaerimus‚
481 1774 593 1816 nihil
626 1774 760 1827 aliud,
804 1775 923 1829 quod
967 1775 1242 1829 aliquantum
1285 1776 1566 1830 respondeat,
1613 1777 1815 1829 occurrit,
1859 1790 1994 1830 quam

175 1846 532 1901 Theophrasti
564 1845 711 1899 liber,
743 1860 873 1900 quem
906 1860 1038 1899 supra
1069 1846 1262 1900 laudavi,
1303 1848 1398 1901 περὶ
1436 1848 1625 1893 παιδείας
1649 1850 1674 1902 ἢ
1706 1849 1800 1901 περὶ
1831 1850 1993 1901 ἀρετῶν

176 1921 202 1973 ἢ
234 1920 329 1971 περὶ
366 1918 661 1972 σωφροσύνης.
706 1916 845 1959 Cuius
890 1930 943 1958 ex
985 1917 1132 1959 indice
1178 1917 1215 1959 si
1253 1918 1358 1971 quid
1390 1917 1595 1960 concludi
1648 1922 1806 1972 potest,
1850 1918 1990 1960 Theo-

175 1989 383 2042 phrastus
409 2001 506 2030 eam
532 1993 701 2042 partem
726 1988 939 2030 virtutum
970 1989 1229 2030 tractavisse
1260 1988 1444 2043 videtur,
1476 2003 1590 2043 quae
1620 1989 1666 2030 in
1691 1989 1996 2031 mediocritate

176 2059 350 2101 vivendi
381 2063 425 2100 et
456 2063 574 2101 recto
609 2059 771 2113 agendi
802 2073 959 2113 genere
992 2059 1102 2101 sitae
1135 2063 1248 2111 sunt,
1282 2061 1445 2114 quippe
1485 2061 1558 2114 qui
1590 2074 1663 2102 eas
1703 2061 1885 2102 virtutes
1917 2061 1994 2102 uni

176 2131 436 2185 σωφροσύνῃ
480 2129 689 2182 subiciat;
747 2130 888 2172 altera
930 2130 1218 2184 inscriptione
1249 2133 1345 2185 περὶ
1386 2133 1575 2178 παιδείας
1618 2132 1841 2173 indicatur
1882 2145 1998 2182 eum,

177 2201 397 2255 quomodo
429 2200 533 2242 illae
566 2201 749 2243 virtutes
781 2201 1012 2243 educando
1046 2201 1161 2244 effici
1204 2205 1395 2256 possent,
1438 2202 1691 2256 exposuisse
1729 2215 1890 2256 easque
1919 2216 1992 2248 Vve-

176 2285 251 2314 rae
277 2272 516 2314 eruditioni
536 2272 767 2314 convenire
793 2272 1130 2315 demonstrasse.
1156 2272 1259 2315 Non
1284 2273 1419 2327 igitur
1444 2273 1498 2314 de
1525 2273 1726 2315 omnibus
1757 2273 1998 2315 virtutibus

177 2356 306 2398 agere
337 2343 591 2385 instituerat
621 2357 763 2398 neque
795 2344 849 2386 de
882 2345 1088 2385 universa
1119 2343 1380 2386 educatione
1425 2344 1727 2398 quaestionem
1770 2349 1991 2398 posuerat,

175 2413 255 2456 sed
287 2414 340 2456 de
371 2419 504 2465 recto,
544 2415 788 2467 moderato,
822 2414 995 2457 decenti
1026 2414 1200 2457 vivendi
1232 2429 1405 2469 genere,
1452 2415 1521 2456 cui
1564 2429 1726 2470 pueros
1764 2415 1996 2457 educando

177 2484 404 2527 assuefieri
435 2490 668 2540 oporteret.
700 2486 755 2528 In
780 2485 998 2528 eiusmodi
1025 2500 1154 2540 opere
1180 2487 1514 2528 instructionem
1538 2489 1698 2528 mentis
1725 2490 1768 2528 et
1793 2486 1993 2529 discendi

176 2555 435 2609 disciplinas
479 2556 672 2598 defuisse
717 2562 1061 2599 consentaneum
1110 2560 1190 2598 est.
1233 2556 1390 2610 Neque
1434 2557 1622 2610 denique
1665 2557 1769 2599 talis
1817 2558 1997 2599 virtutis

175 2626 299 2668 notio
349 2641 447 2669 eum
489 2627 887 2682 Peripateticorum
931 2627 1135 2670 doctrina
1185 2627 1418 2682 discrepat.
1468 2628 1586 2670 Nam
1630 2626 1884 2670 Aristotelis
1927 2629 1991 2670 di-

176 2697 426 2749 stinctione,
470 2712 602 2752 quam
645 2698 751 2740 feeit
792 2700 908 2740 inter
951 2700 1088 2751 ἀρεταὶ
1133 2700 1388 2754 διανοητικαί
1428 2702 1473 2740 et
1515 2700 1672 2754 ἠθικαί,
1723 2699 1860 2741 virtus
1903 2700 1993 2741 iam

176 2781 266 2809 non
296 2781 387 2810 una
419 2772 551 2822 atque
583 2768 736 2812 eadem
769 2774 847 2822 est,
879 2768 1023 2823 qualis
1050 2772 1146 2810 erat
1176 2772 1332 2822 postea
1365 2767 1627 2820 Stoicorum,
1672 2769 1750 2811 sed
1791 2771 1838 2811 in
1882 2770 1995 2812 duas

177 2841 326 2892 partes
350 2852 493 2892 paene
514 2839 708 2881 diversas
736 2839 962 2881 dividitur:
990 2840 1172 2881 virtutes
1192 2839 1431 2881 rationales
1457 2840 1514 2882 ad
1534 2840 1764 2894 rationem,
1789 2844 1997 2894 mentem,

180 2909 475 2963 cognitionem
506 2909 741 2963 pertinent,
787 2910 989 2963 morales,
1034 2910 1243 2964 quoniam
1287 2910 1335 2952 in
1377 2914 1498 2952 recto
1542 2911 1678 2952 animi
1729 2915 1847 2953 statu
1890 2917 1993 2954 sunt

179 2979 330 3035 (ἔξεις),
361 2979 456 3021 sola
489 2981 804 3022 consuetudine
837 2986 881 3023 et
912 2981 1174 3023 educatione
1208 2980 1468 3024 efficiuntur.
1509 2981 1564 3023 In
1593 2981 1750 3024 harum
1782 2983 1992 3025 virtutum

177 3064 373 3102 numero,
406 3065 517 3104 quas
543 3051 660 3093 solas
697 3052 745 3092 in
775 3051 950 3094 Ethicis
981 3052 1292 3094 Nicomacheis
1332 3053 1552 3105 tractavit,
1597 3052 1837 3096 nonnullae
1875 3058 1992 3105 sunt,

180 3135 291 3175 quae
325 3122 382 3163 ad
413 3121 637 3164 hominum
669 3122 923 3164 societatem
955 3127 998 3165 et
1030 3123 1275 3165 convictum
1294 3124 1544 3178 pertinent:
1579 3123 1630 3166 ef.
1662 3124 1742 3175 IV,
1779 3127 1829 3167 11
1858 3127 1991 3180 πρᾳό-
