2138 3438
979 140 1267 182 -16-

207 284 393 336 παντελῆ
426 283 760 336 δικαιοπραγίαν,
801 284 826 324 4
847 281 882 325 C
915 283 1027 337 πηγὴ
1062 283 1140 337 γὰρ
1173 283 1244 325 καὶ
1280 284 1374 337 ῥίζα
1412 285 1727 339 καλοκαγαθίας
1763 285 1809 327 τὸ
1846 287 2030 340 νομίμου

210 358 342 407 τυχεῖν
378 355 579 405 παιδείας,
623 355 647 395 5
668 351 713 394 Α
744 359 816 396 τοῦ
851 385 860 395 .
883 387 891 395 .
913 387 920 395 .
942 355 1197 408 ὑγιαίνοντος
1238 356 1308 396 καὶ
1346 357 1593 410 τεταγμένου
1633 358 1744 411 βίου,
1784 357 1809 398 5
1830 354 1866 398 O
1906 361 2030 400 ταῦτα

209 426 328 480 φορὰ
368 426 439 467 καὶ
475 425 656 479 συνεργὰ
697 426 805 479 πρὸς
845 425 995 480 ἀρετὴν
1036 426 1106 468 καὶ
1145 426 1253 479 πρὸς
1289 426 1571 481 εὐδαιμονίαν,
1613 427 1638 468 8
1658 426 1694 469 O
1732 428 1806 482 τὴν
1843 429 2032 476 εὐταξίαν

216 498 286 538 καὶ
310 497 384 551 τὴν
408 497 707 552 σωφροσύνην,
738 498 789 538 11
812 496 855 538 D
882 497 977 550 περὶ
1002 502 1072 551 τῆς
1097 501 1182 539 τῶν
1206 498 1376 540 παίδων
1401 499 1628 554 εὐκοσμίας
1652 499 1724 541 καὶ
1748 499 2033 554 σωφροσύνης

212 568 451 623 διείλεγμαι,
487 568 538 609 12
560 566 604 608 A
635 572 707 621 τῆς
737 571 823 609 τῶν
852 569 1022 610 παίδων
1053 569 1241 616 εὐταξίας
1261 600 1269 609 .
1293 600 1301 609 .
1336 569 1406 610 καὶ
1436 570 1718 625 κοσμιότητος,
1754 571 1807 611 14
1826 569 1868 611 Β
1892 586 2032 624 πειρα-

208 641 303 682 τέον
334 639 412 682 οὗν
443 642 500 686 εἷς
530 640 600 681 τὸν
631 643 716 681 τῶν
746 641 906 681 τέκνων
931 644 1234 695 σωφρονισμὸν
1259 641 1390 682 πάνθ’
1426 641 1505 682 ὅσα
1530 646 1742 696 προσῆκεν
1768 642 2030 696 ἐπιτηδεύειν.

211 708 384 764 Quibus
415 709 524 752 locis
557 710 715 752 iterum
741 708 955 763 probatur
982 710 1239 764 scriptorem
1267 709 1407 752 solum
1432 724 1603 752 morum
1628 711 1792 753 cultum
1817 716 2032 766 expetere.

213 779 354 835 Quem
386 780 607 823 educandi
637 780 768 822 finem
794 780 981 823 eundem
1009 781 1128 836 apud
1153 795 1302 823 omnes
1327 780 1614 836 philosophos
1638 782 1793 824 iisdem
1817 796 1907 824 non
1930 795 2031 825 raro

212 851 354 894 verbis
394 865 648 905 expressum
687 851 966 909 inveneris1).
1000 850 1090 894 Sed
1120 867 1175 894 ne
1213 851 1467 907 philosophi
1500 852 1675 907 quidem
1707 853 1899 896 animum
1928 853 2033 896 talis

212 923 362 976 opinio
394 936 502 977 prae
536 936 581 965 se
614 922 716 965 fert:
752 924 945 965 omnium
976 937 1134 978 nempe
1167 927 1247 975 est,
1275 924 1350 978 qui
1377 923 1430 966 de
1457 923 1717 966 educatione
1741 925 2032 980 praecipiunt.

214 993 358 1048 Quam
384 994 614 1036 erudiendi
641 994 858 1036 rationem
877 995 1101 1037 Isocrates
1120 997 1215 1050 περὶ
1235 996 1412 1038 ἀντιδόσ.
1435 996 1520 1038 285
1541 996 1606 1037 ita
1626 996 1821 1050 exponit:
1845 995 2034 1048 iuvenes,

214 1064 374 1119 quibus
406 1068 528 1108 recta
555 1065 758 1108 educatio
787 1066 922 1118 deest,
949 1066 1067 1108 vitiis
1094 1080 1139 1108 se
1166 1066 1348 1109 tradunt
1373 1069 1650 1123 ἀμελήσαντες
1673 1073 1746 1111 τοῦ
1771 1069 2033 1117 σπουδάζειν,

133 1177 138 1181 ,
211 1138 335 1183 ὅπως
359 1139 520 1180 ἔσονται
544 1138 750 1192 βελτίους;
777 1137 823 1179 in
850 1137 1158 1180 Ps.-Isocratis
1185 1137 1488 1180 cohortatione
1508 1138 1630 1192 Πρὸς
1649 1138 1807 1195 Δημόν.
1832 1137 2032 1193 legimus:

213 1206 276 1262 (2)
307 1210 455 1262 πρέπει
475 1240 485 1250 .
505 1241 513 1250 .
546 1210 734 1255 παιδείας
759 1211 1131 1263 ἀντιποιουμένους
1154 1214 1239 1252 τῶν
1264 1211 1508 1253 σπουδαίων
1533 1211 1636 1252 ἀλλὰ
1661 1212 1719 1266 μὴ
1746 1215 1833 1252 τῶν
1856 1211 2035 1266 φαύλων

212 1282 315 1322 εἶναι
352 1281 546 1335 μιμητάς,
586 1280 643 1322 ib.
684 1283 726 1321 4:
760 1279 978 1322 laudandi
1016 1284 1130 1332 sunt,
1169 1282 1261 1323 ὅσοι
1281 1313 1318 1322 ..
1356 1286 1440 1328 τοῖς
1471 1283 1688 1334 νεωτέροις
1719 1284 2004 1337 εἰσηγοῦνται.
2026 1315 2035 1324 .

218 1353 338 1398 ὅπως
382 1352 430 1394 τὰ
472 1356 557 1393 τῶν
600 1353 773 1406 τρόπων
815 1353 903 1408 ἤθη
948 1353 1171 1395 σπουδαῖοι
1212 1354 1443 1408 πεφυκέναι
1481 1354 1663 1406 δόξουσι,
1705 1352 1763 1395 ib.
1807 1353 1852 1394 5:
1891 1353 2035 1408 prima

214 1421 447 1464 erudiendi
486 1422 599 1464 ratio
638 1424 762 1478 ἀρετή
804 1426 880 1476 est,
920 1437 1008 1477 qua
1045 1423 1184 1465 omnis
1220 1423 1308 1465 vita
1340 1422 1568 1466 excolitur.
1603 1422 1651 1466 Si
1671 1423 1843 1477 deinde,
1874 1423 2034 1478 quibus

215 1493 357 1535 verbis
415 1493 603 1547 scriptor
652 1493 826 1535 virtutis
876 1498 1083 1536 naturam
1133 1494 1391 1549 designet2),
1442 1494 1712 1549 inspicimus,
1754 1509 1846 1537 non
1891 1495 2035 1550 magis

213 1565 450 1619 quicquam
483 1565 608 1619 sequi
639 1564 825 1618 videtur,
859 1579 956 1607 cum
989 1568 1033 1607 et
1058 1564 1137 1607 illa
1163 1579 1302 1620 paene
1330 1566 1578 1608 communia
1610 1566 1708 1608 sint.
1735 1564 1884 1620 Quare
1914 1563 2037 1608 haud

214 1640 331 1678 recte
357 1635 583 1691 Dyroffius
617 1635 663 1692 (1.
697 1634 725 1677 1.
756 1651 799 1690 p.
833 1636 940 1693 260)
971 1635 1103 1679 finem
1135 1637 1411 1679 educationis
1445 1636 1500 1679 ab
1526 1636 1610 1679 hoc
1637 1637 1849 1692 scriptore
1874 1651 2034 1692 propo-

214 1708 348 1750 situm
382 1706 559 1750 Stoicae
599 1707 776 1750 scholae
815 1708 1028 1760 attribuit,
1067 1709 1186 1763 quod
1224 1709 1486 1752 vocabulum
1523 1711 1754 1757 σπουδαῖος
1782 1714 1873 1752 tam
1905 1722 2035 1764 saepe

215 1780 408 1822 occurrit
434 1779 475 1837 (1
503 1778 557 1832 A,
587 1782 612 1822 2
633 1779 686 1832 Β,
716 1782 741 1822 3
765 1779 807 1821 D
834 1783 950 1834 etc.).
975 1780 1092 1822 Nam
1118 1780 1223 1823 licet
1248 1795 1300 1823 ea
1328 1796 1411 1823 vox
1436 1780 1554 1836 apud
1582 1780 1755 1824 Stoicos
1781 1780 2035 1836 saepissime

215 1851 475 1903 inveniatur,
521 1855 669 1893 tamen
714 1851 901 1894 eandem
947 1852 1066 1906 apud
1110 1856 1278 1894 ceteros
1315 1867 1405 1895 non
1443 1867 1588 1894 raram
1626 1866 1720 1895 esse
1759 1856 1934 1894 constat
1969 1853 2038 1907 (ut

216 1922 337 1977 apud
369 1921 553 1964 Aristot.
587 1922 681 1964 Pol.
718 1924 831 1966 1260
852 1922 879 1965 b
916 1924 1001 1976 17).
1032 1923 1251 1977 Equidem
1276 1923 1394 1966 hunc
1421 1924 1691 1978 scriptorem,
1718 1924 1842 1966 cuius
1868 1938 2036 1966 summa

215 1993 354 2035 virtus
398 1995 654 2049 σωφροσύνη
702 1994 770 2047 sit,
813 1994 1210 2048 Peripateticae
1251 1995 1399 2049 potius
1444 1995 1615 2037 notioni
1656 1995 1906 2049 propiorem
1943 2007 2037 2037 esse

216 2064 380 2121 putoff).
424 2064 501 2106 Ad
543 2064 749 2106 virtutem
794 2065 909 2106 enim
954 2065 1290 2108 describendam
1334 2066 1478 2107 minus
1522 2066 1700 2108 verbum
1745 2067 2038 2121 καλοκαγαθία

217 2135 263 2192 (4
284 2134 338 2189 O)
375 2138 574 2189 spectare
608 2135 883 2187 crediderim,
918 2136 1078 2190 quippe
1118 2137 1238 2191 quod
1268 2137 1399 2178 nimis
1430 2136 1609 2192 vulgare
1643 2136 1866 2190 quoddam
1897 2141 2037 2189 sonet,

216 2220 349 2260 quam
380 2208 473 2262 βίος
502 2208 748 2261 τεταγμένος
779 2205 824 2263 (5
846 2205 924 2263 A),
957 2209 1134 2259 εὐταξία,
1165 2209 1424 2262 σωφροσύνη
1458 2207 1504 2264 (8
1526 2206 1596 2264 Ο),
1633 2209 1837 2263 εὐκοσμία
1868 2208 1940 2259 (11
1960 2207 2035 2262 D),

215 2278 441 2331 κοσμιότης
492 2277 566 2332 (12
588 2279 659 2327 Α);
708 2277 881 2319 virtutis
925 2282 1086 2319 natura
1136 2277 1273 2332 igitur
1316 2282 1394 2319 aut
1438 2277 1607 2331 vulgari
1651 2277 1868 2320 sentiendi
1915 2291 2036 2320 more

216 2348 431 2390 exteriore
483 2348 644 2402 agendi
694 2348 838 2402 specie
890 2347 1097 2390 definitur
1147 2352 1224 2390 aut
1271 2348 1394 2390 notio
1444 2347 1811 2402 pulchritudinis,
1852 2348 2037 2401 decoris,

217 2419 536 2461 mediocritatis
580 2419 626 2460 in
668 2433 718 2461 eo
760 2419 997 2474 praevalet.
1038 2418 1181 2474 Quam
1213 2419 1388 2461 virtutis
1419 2423 1603 2473 partem,
1641 2433 1909 2474 quamquam
1947 2420 2035 2462 iam

219 2490 336 2545 apud
373 2495 541 2533 veteres
588 2490 762 2533 Stoicos
805 2490 991 2532 multum
1030 2490 1167 2533 valuit
1206 2490 1278 2544 (cf.
1315 2492 1363 2533 τὰ
1401 2492 1645 2546 καθήκοντα
1678 2494 1724 2532 et
1759 2492 1804 2533 τὸ
1841 2491 2037 2546 πρέπον),

216 2566 365 2603 tamen
397 2566 553 2615 postea
583 2562 756 2604 mediae
791 2559 924 2604 Stoae
956 2562 1226 2625 temporibus
1258 2561 1358 2616 plus
1395 2561 1584 2615 viguisse
1624 2562 1855 2616 constat4).
1902 2561 2034 2605 Certo

361 2690 388 2735 1)
421 2691 592 2726 Clemens
626 2692 688 2727 Al.
723 2690 834 2727 Παιδ.
860 2692 877 2726 Ι
905 2691 940 2735 5,
972 2692 1015 2726 16
1047 2690 1326 2737 παιδαγωγίαν
1359 2690 1405 2726 δὲ
1436 2691 1712 2736 ὁμολογοῦμεν
1741 2690 1842 2726 εἶναι
1873 2691 2037 2737 ἀγωγὴν

217 2750 374 2796 ἀγαθὴν
399 2751 445 2785 ἐκ
469 2749 625 2787 παίδων
650 2754 711 2796 εἰς
735 2752 891 2797 ἀρετήν.

362 2819 392 2866 ²)
432 2821 487 2855 De
525 2822 717 2856 vocabulis
756 2823 953 2867 εὐκοσμία,
991 2822 1212 2868 κοσμιότης,
1250 2821 1502 2867 σωφροσύνη,
1533 2823 1726 2865 praeterea
1756 2821 2036 2867 εὐσχημοσύνη,

218 2878 353 2925 αἰδώς,
381 2880 462 2914 aliis
488 2892 522 2915 v.
550 2880 798 2926 Grassberger.
825 2881 849 2915 l.
875 2883 899 2916 Ι.
926 2893 961 2916 V.
986 2880 1029 2915 II
1055 2881 1111 2925 72,
1137 2881 1158 2915 Ι
1186 2880 1264 2923 173,
1290 2880 1370 2915 270.

363 2952 390 2996 ³)
423 2952 543 2997 Quam
577 2953 755 2988 virtutem
786 2953 846 2988 vel
878 2952 1172 2998 Pythagoricam
1203 2952 1263 2987 vel
1295 2951 1587 2997 Peripateticam
1621 2963 1699 2986 esse
1730 2950 1927 2986 Schickius
1959 2951 1983 2986 1.
2010 2951 2036 2986 1.

218 3022 253 3055 p.
281 3011 324 3046 27
353 3011 438 3046 adn.
464 3012 510 3046 48
537 3012 743 3047 adnotavit.

362 3081 392 3125 ⁴)
419 3082 536 3117 Cicer.
552 3083 606 3117 De
631 3082 683 3117 off
686 3111 693 3119 .
713 3082 734 3117 I
748 3083 805 3129 27,
826 3084 871 3118 93
889 3110 896 3118 .
914 3111 920 3118 .
936 3082 1155 3118 verecundia
1171 3085 1204 3117 et
1221 3081 1332 3127 quasi
1347 3081 1500 3127 quidam
1513 3085 1664 3117 ornatus
1677 3081 1781 3126 vitae,
1795 3080 2036 3127 temperantia

217 3143 250 3175 et
274 3141 456 3175 modestia
481 3168 488 3176 .
519 3167 526 3175 .
552 3145 582 3176 et
607 3153 731 3177 rerum
757 3143 897 3177 modus.
