2138 3438
914 118 1210 159 -73—

153 258 275 312 dato,
307 259 384 313 qui
413 273 517 301 vera
546 258 736 301 hominis
766 263 927 301 natura
956 263 1189 314 perspecta
1214 273 1386 302 omnem
1407 260 1682 302 severitatem
1702 264 1745 302 et
1765 260 1971 303 acerbam

153 330 360 372 iniuriam
409 330 620 373 abiecerit
669 335 714 372 et
755 329 1081 385 philosophiam
1129 330 1342 373 moralem
1382 331 1610 373 hominum
1660 331 1880 374 debilitati
1918 345 1970 373 ac

154 400 445 443 facultatibus
476 402 787 444 accomodarit.
836 401 1010 443 Deinde
1048 401 1286 444 liberorum
1328 416 1521 444 amorem
1552 403 1808 456 parentibus
1841 407 1969 444 natu-

154 471 295 515 ralem
319 486 413 515 esse
440 473 698 527 comprobat
723 472 828 529 (362
850 471 912 528 A)
943 476 1180 527 patresque
1210 477 1371 526 monet,
1401 477 1451 515 ut
1469 472 1584 515 filios
1611 473 1970 516 adulescentulos

154 556 308 586 revera
350 543 539 598 diligant
583 543 906 598 clementerque
954 547 1148 586 tractent
1188 557 1311 596 neve,
1355 543 1402 586 id
1441 545 1560 598 quod
1592 545 1846 599 saepissime
1877 544 1968 596 fiat,

152 615 346 657 minimis
375 615 493 656 vitiis
518 615 781 657 irascantur.
813 614 999 657 Liberos
1026 629 1151 657 caros
1176 614 1404 657 habendos
1422 615 1652 670 plurisque
1673 615 1970 658 aestimandos

154 699 252 728 esse
283 700 417 740 quam
443 690 589 728 cetera
613 686 743 728 bona.
777 686 1045 728 Themistius
1070 687 1205 740 igitur
1229 685 1468 728 liberorum
1494 700 1687 728 amorem
1706 691 1750 728 et
1767 687 1971 728 vitiorum

154 756 479 812 indulgentiam
511 771 533 799 e
565 757 964 812 Peripateticorum
994 756 1278 812 philosophia
1307 757 1467 800 morali
1499 757 1684 800 derivat:
1716 762 1761 800 et
1793 771 1971 800 consen-

157 832 336 870 taneum
379 833 446 870 est
488 842 577 877 eos,
621 829 697 883 qui
728 828 918 870 hominis
949 832 1155 870 naturam
1187 828 1390 881 debilem,
1432 829 1648 880 vitiosam,
1691 828 1748 871 ad
1787 827 1971 871 affectus

155 899 451 953 libidinesque
482 900 721 954 proclivem
751 904 922 954 putant,
958 900 1005 941 in
1036 900 1153 941 vitiis
1185 899 1729 952 iudicandis-mitissimos
1762 915 1813 942 ac
1845 899 1970 942 facil-

154 970 285 1013 limos
316 984 423 1014 esse.
455 969 602 1025 Quare
621 971 888 1025 ubicumque
906 985 1112 1024 magnam
1136 971 1343 1013 vitiorum
1368 970 1691 1026 indulgentiam
1715 971 1972 1024 invenimus,

156 1041 346 1084 hominis
377 1041 675 1084 infirmitatem
719 1046 763 1084 et
800 1042 858 1084 ad
888 1041 1163 1096 peccandum
1200 1041 1461 1084 facilitatem
1493 1042 1844 1084 subaudiendam
1876 1055 1970 1084 esse

155 1112 466 1168 intellegimus.
497 1113 668 1155 Eodem
698 1113 829 1155 modo
861 1112 1188 1155 Ps.-Pluta1·chi
1220 1127 1394 1167 quoque
1426 1118 1711 1168 praeceptum
1738 1127 1759 1155 e
1783 1113 1968 1168 psycho-

155 1184 302 1239 logiae
333 1185 504 1227 ratione
545 1184 834 1226 derivandum
870 1197 965 1226 esse
997 1183 1198 1227 Platonis
1237 1185 1565 1238 comparatione
1605 1188 1803 1239 apparet.
1854 1184 1972 1226 Nam

155 1256 312 1298 eadem
342 1257 502 1310 imago,
536 1269 625 1310 qua
656 1256 844 1310 scriptor
874 1256 1027 1306 utitur,
1062 1269 1161 1297 cum
1193 1255 1301 1297 dicit
1332 1258 1444 1299 οὕτω
1477 1261 1686 1310 σκιρτῶσα
1716 1257 1859 1311 νεότης
1883 1272 1972 1298 πω-

157 1329 421 1382 λοδαμνεῖται
458 1330 502 1368 et
538 1333 623 1373 ταῖς
659 1328 900 1381 ἐπιθυμίαις
937 1331 1022 1369 τῶν
1059 1328 1226 1369 παίδων
1258 1328 1414 1382 ἐφεῖναι
1447 1329 1516 1369 καὶ
1547 1328 1723 1381 χαλάσαι
1753 1329 1826 1374 τὰς
1856 1329 1973 1381 ἡνίας

155 1401 203 1440 et
219 1399 440 1451 ἀντιτεῖναι,
470 1397 634 1452 ubique
655 1398 711 1439 ad
733 1397 997 1452 cupiditates
1018 1397 1305 1452 affectusque,
1323 1401 1495 1452 partem
1516 1398 1652 1439 animi
1671 1397 1974 1439 irrationalem

155 1468 494 1524 significandam
524 1470 725 1523 pertinet.
756 1469 883 1511 Haec
906 1469 1053 1523 imago
1080 1483 1107 1510 a
1137 1468 1327 1511 Platone
1358 1470 1406 1510 in
1429 1468 1681 1525 Phaedro1)
1714 1469 1890 1510 inventa
1922 1482 1973 1509 ac

157 1535 387 1595 splendide
402 1540 578 1594 depicta
590 1541 778 1594 posteris
791 1540 1028 1582 imitationi
1042 1543 1152 1593 erat;
1174 1540 1427 1582 conferatur
1439 1553 1473 1582 e.
1488 1553 1528 1594 g.
1543 1539 1773 1582 Posidonii
1786 1539 1972 1581 imitatio

156 1611 303 1666 plena,
323 1625 455 1665 quam
486 1610 662 1653 exhibet
694 1610 895 1655 Galenus
926 1611 994 1653 De
1026 1611 1164 1665 Hipp.
1197 1614 1241 1652 et
1271 1610 1336 1652 Pl.
1371 1611 1411 1652 d.
1436 1626 1478 1665 p.
1507 1612 1593 1653 466
1614 1610 1670 1652 K.
1698 1610 1973 1653 Concludere

158 1696 262 1737 ergo
281 1682 386 1724 licet
404 1681 728 1724 Ps.-P1utarchi
747 1686 1031 1736 praeceptum
1050 1686 1094 1723 et
1111 1695 1158 1723 re
1178 1685 1223 1723 et
1241 1681 1383 1723 verbis
1409 1681 1502 1723 eius
1527 1681 1840 1736 psychologiae
1868 1695 1975 1729 esse,

158 1768 272 1809 quae
298 1753 533 1796 facultates
557 1753 840 1796 irrationales
859 1767 949 1795 11011
966 1753 1156 1808 ignorat.
1183 1751 1307 1807 Quae
1326 1753 1543 1805 Platonis,
1566 1752 1975 1806 Peripateticorum,

158 1824 332 1867 mediae
365 1823 500 1868 Stoae
533 1826 774 1867 communis
806 1824 955 1880 erat2).
1011 1823 1202 1866 Accedit
1231 1822 1367 1875 locus,
1411 1838 1540 1877 quem
1573 1823 1763 1866 colorem
1794 1823 1975 1877 Peripa-

157 1896 341 1939 teticum
371 1895 582 1951 praebere
613 1899 736 1950 puto,
775 1909 828 1937 ea
861 1894 974 1946 dico,
1014 1908 1127 1949 quae
1162 1896 1216 1937 13
1236 1895 1276 1936 E
1310 1894 1363 1936 de
1393 1894 1627 1936 irascendo
1659 1894 1857 1949 legimus.
1889 1894 1975 1936 Mi-

159 1981 256 2009 rum
287 1969 404 2010 enim
434 1966 632 2021 profecto
666 1969 782 2009 esset
811 1980 910 2008 vere
938 1964 1134 2008 Stoicum
1167 1970 1391 2008 auctorem
1422 1967 1491 2009 τὸν
1517 1967 1739 2020 ὀξύθυμον
1763 1971 1822 2020 τῷ
1847 1968 1975 2022 βαρυ-

159 2040 295 2094 θύμῳ
338 2037 562 2092 praeferre
593 2039 736 2091 neque
775 2040 952 2079 omnino
997 2037 1271 2079 iracundiam
1310 2038 1542 2092 castigare.
1593 2035 1734 2079 Stoici
1764 2037 1855 2079 irae
1887 2051 1976 2079 non

159 2109 352 2162 modum,
389 2109 466 2151 sed
499 2109 861 2164 exstirpationem
892 2098 1188 2160 destinabant,
1227 2109 1515 2163 Peripatetici
1547 2112 1703 2150 contra
1734 2108 1974 2151 censebant

161 2179 302 2233 (Stob.
334 2179 430 2222 Ecl.
462 2180 512 2222 H
542 2195 584 2234 p.
607 2181 704 2230 139,
725 2181 779 2222 14
800 2179 891 2233 W.)
924 2182 1228 2236 ἐπαινουμένην
1254 2181 1300 2223 δὲ
1326 2182 1408 2229 ἕξιν
1435 2182 1632 2234 ὑπάρχειν
1660 2182 1730 2235 τὴν
1752 2182 1977 2235 πρᾳότητα,

160 2253 264 2294 καθ’
292 2254 345 2306 ἣν
377 2252 443 2294 ὅτε
474 2253 539 2294 δεῖ
566 2254 636 2294 καὶ
667 2253 728 2298 ὡς
761 2252 826 2294 δεῖ
852 2253 922 2294 καὶ
952 2251 991 2306 ᾦ
1024 2253 1086 2294 δεῖ
1113 2253 1385 2306 ὀργιζόμεθα.
1417 2250 1623 2292 Eandem
1647 2250 1771 2292 illam
1797 2250 1975 2292 distinc-

160 2323 327 2365 tionem
364 2323 478 2364 inter
509 2337 621 2375 eum,
656 2323 732 2377 qui
763 2322 1054 2375 vehementer,
1100 2326 1146 2365 at
1175 2323 1368 2365 breviter
1405 2326 1461 2373 et,
1491 2322 1567 2376 qui
1600 2322 1676 2364 diu
1707 2322 1774 2364 vel
1808 2336 1978 2376 semper

161 2394 367 2436 irascitur
398 2394 590 2448 oditque,
614 2393 880 2437 Aristoteles
912 2395 1068 2436 statuit
1097 2395 1288 2448 itemque
1320 2393 1444 2436 illum
1475 2392 1705 2447 praetulit:
1741 2393 1844 2436 Eth.
1875 2393 1976 2435 Nic.

166 2466 280 2508 1126
301 2479 329 2507 a
381 2467 434 2507 13
484 2466 599 2508 inter
646 2467 813 2521 ὀργίλον
864 2466 891 2522 (.
919 2502 927 2509 .
955 2499 963 2507 .
989 2468 1148 2521 ταχέως
1198 2467 1429 2520 ὀργίζονται
1455 2498 1463 2506 .
1491 2497 1499 2506 .
1528 2500 1535 2508 .
1561 2466 1764 2507 παύονται
1814 2466 1859 2506 δὲ
1908 2482 1976 2507 τα-

307 2581 336 2627 1)
362 2581 418 2617 Cf.
444 2584 639 2626 praeterea
664 2582 755 2627 Leg.
771 2582 840 2617 808
856 2583 887 2616 D
915 2582 937 2617 ὁ
963 2581 1010 2618 δὲ
1034 2588 1130 2627 παῖς
1147 2583 1313 2617 πάντων
1331 2582 1480 2627 θηρίων
1505 2579 1976 2628 δυσμεταχειριστότατον.

162 2640 226 2676 διὸ
252 2639 300 2686 δὴ
326 2642 496 2687 πολλοῖς
519 2641 614 2676 αὐτὸ
639 2639 725 2677 οἷον
748 2642 924 2687 χαλινοῖς
948 2650 1021 2676 τισι
1047 2640 1109 2676 δεῖ
1131 2639 1349 2684 δεσμεύειν.

308 2699 338 2743 ²)
365 2699 509 2744 Operae
540 2700 702 2745 pretium
734 2703 790 2735 est
814 2700 1136 2745 Pythagoreorum
1166 2702 1368 2743 praecepta
1399 2699 1588 2732 simillima
1619 2709 1847 2743 comparare,
1885 2710 1979 2743 quae

166 2758 214 2793 ad
239 2759 338 2803 regis
362 2758 423 2793 vel
448 2759 628 2803 principis
654 2760 812 2793 virtutes
839 2761 1027 2803 spectant:
1054 2757 1214 2803 Sopater
1240 2769 1298 2802 ap.
1313 2757 1420 2793 Stob.
1434 2757 1516 2792 Ecl.
1530 2757 1589 2793 IV
1614 2758 1745 2802 p.216‚
1774 2758 1868 2793 12Η
1887 2758 1978 2793 ἀλλ’

165 2818 318 2863 ἣμερον
339 2817 411 2863 χρὴ
438 2819 500 2854 καὶ
526 2818 674 2862 σεμνὸν
699 2824 783 2863 τοῖς
807 2818 998 2864 ὑπηκόοις
1018 2843 1026 2851 .
1047 2845 1055 2852 .
1076 2843 1085 2851 .
1104 2816 1205 2853 εἶναι
1224 2843 1232 2851 .
1253 2844 1261 2852 .
1283 2843 1291 2851 .
1319 2817 1398 2862 (15)
1429 2815 1491 2852 δεῖ
1521 2815 1568 2852 δὲ
1595 2815 1697 2866 μηδὲ
1728 2818 1828 2863 ὀργῇ
1858 2826 1980 2863 προσ-

165 2877 319 2921 ομιλεῖν
331 2882 416 2922 τοῖς
429 2877 664 2922 ἀρχομένοις
673 2877 772 2922 μήτε
785 2878 1080 2922 ἀνεπίπληκτον
1098 2904 1105 2911 .
1126 2903 1135 2912 ,
1157 2902 1165 2910 .
1186 2877 1449 2920 καταλείπειν,
1468 2887 1503 2920 p.
1518 2876 1599 2920 217,
1622 2867 1666 2910 1²}
1685 2877 1761 2911 ὅσα
1777 2877 1853 2920 μὲν
1862 2877 1980 2922 μικρὰ

164 2936 230 2970 καὶ
263 2934 408 2981 συνήθη
440 2940 522 2970 τῶν
547 2937 846 2982 ἁμαρτημάτων,
883 2937 1045 2981 ἀγνοεῖν
1070 2934 1263 2971 δοκοῦντα
1283 2962 1291 2969 .
1311 2961 1319 2970 .
1341 2963 1347 2970 .
1375 2935 1418 2970 21
1446 2935 1579 2970 ἐννόει
1604 2935 1661 2975 δὲ,
1699 2936 1758 2979 ὡς
1782 2937 1981 2981 σύμφυτον

166 2994 213 3029 τὸ
238 2995 478 3039 ἁμαρτάνειν
503 2994 742 3040 ἀνθρώποις.
780 2994 969 3039 Archytas
1001 2993 1090 3028 ibid.
1122 3006 1158 3038 p.
1183 2994 1266 3039 218,
1300 2994 1342 3029 11
1369 2992 1430 3029 δεῖ
1455 3019 1463 3028 .
1482 3020 1491 3029 .
1513 3021 1521 3029 .
1541 2992 1643 3029 εἶναι
1662 3020 1670 3028 .
1692 3020 1700 3027 .
1721 3020 1729 3027 .
1754 2995 1818 3029 καὶ
1842 2995 1980 3040 φιλάν-

165 3054 348 3099 θρωπον.
373 3054 526 3088 ἄτοπον
550 3053 628 3099 γὰρ
652 3052 751 3099 ᾖμεν
775 3054 946 3098 ποιμένα
967 3053 1263 3099 ,ιιισοπρόβατον
1287 3054 1351 3089 καὶ
1376 3060 1554 3090 τοιοῦτον
1578 3051 1663 3089 οἷον
1687 3055 1750 3089 καὶ
1776 3052 1981 3098 δυσμενῶς

165 3112 261 3158 ’ἔχεν
286 3117 372 3157 τοῖς
396 3113 502 3148 αὑτῶ
527 3113 803 3158 θρεμμάτεσσι,
829 3111 875 3147 of.
901 3112 1082 3148 Ps.·Plut.
1107 3111 1304 3158 δυσμενές
1329 3115 1367 3147 et
1388 3114 1624 3158 μισοτεκνία.
