2138 3438
1972 20 1983 31 ’
2018 0 2138 147 W!

966 139 1262 181 „26-

205 281 455 336 cognitione
477 280 838 335 'proficiscuntum
866 281 1002 323 virtus
1028 281 1161 335 igitur
1180 281 1275 323 sola
1297 280 1498 323 doctrina
1516 280 1719 324 efficitur.
1743 282 1863 326 Num
1882 283 2024 338 igitur

206 353 303 406 quis
340 352 386 394 in
424 356 569 394 vetere
603 351 712 395 Stoa
749 352 932 394 virtutes
973 366 1181 407 quaerere
1214 355 1370 407 potest,
1415 366 1528 406 quae
1566 367 1620 396 ex
1650 354 1818 396 ratione
1863 368 1915 396 ac
1949 368 2021 398 sa-

204 423 372 477 pientia
402 423 513 465 nihil
542 422 721 477 habent,
754 423 831 465 sed
865 423 960 466 sola
986 423 1303 466 consuetudine
1330 422 1562 466 constant?
1593 423 1752 468 Verbis
1779 424 2024 481 Ohrisippi,

206 509 318 549 quae
358 509 491 549 supra
530 495 671 547 attuli,
715 495 824 537 nihil
871 495 992 537 aliud
1035 495 1121 537 nisi
1158 509 1301 537 mores
1337 494 1561 537 hominum
1605 495 1723 550 apud
1760 496 1871 539 alios
1903 496 2022 539 alios

205 566 523 608 consuetudine
555 566 650 609 fieri
675 566 911 617 indicatur,
945 565 1022 608 sed
1046 566 1226 608 minime
1251 566 1390 608 virtus
1416 568 1572 622 (ἀρετή)
1597 580 1650 609 ex
1672 569 1763 610 ἔθει
1787 567 2024 610 derivatur.

205 637 372 680 Contra
391 637 573 680 mediae
606 637 740 680 Stoae
773 637 976 680 doctrina
1002 636 1204 680 Platonis
1229 636 1572 691 Aristotelisque
1597 637 1886 681 imitationem
1911 646 2020 693 prae

205 723 250 751 se
282 709 383 762 fert;
429 710 476 751 in
509 724 583 751 eos
623 713 824 751 auctores
857 713 952 751 tota
984 709 1091 761 eim,
1132 711 1369 763 praecipue
1400 709 1688 764 Posidonii‚¹)
1731 709 2017 766 psychologia

204 780 450 823 revocanda
477 784 556 823 est.
591 780 936 823 Consuetudinis
965 782 1176 836 (ἐθισμοῦ)
1199 781 1333 835 igitur
1357 785 1623 823 momentum
1650 781 1769 835 apud
1794 781 2020 836 Peripate-

202 853 314 895 ticos
339 866 515 906 eosque,
550 852 625 906 qui
651 866 725 894 eos
752 852 892 894 secuti
919 856 1032 903 sunt,
1058 852 1295 894 maximum
1321 851 1456 894 fuisse
1484 851 1689 894 concludi
1707 856 1862 907 potest.
1888 852 2020 908 Quod

205 925 249 965 in
282 923 513 966 educando
558 923 796 978 plurimum
828 923 961 965 valet:
1007 927 1109 966 ante
1152 923 1487 977 institutionem,
1530 924 1789 979 priusquam
1823 924 1937 967 ratio
1973 925 2023 968 in
2065 946 2070 951 -

203 995 350 1050 pueris
371 994 566 1048 perfecta
592 999 669 1046 est,
696 995 879 1037 virtutes
906 995 1222 1037 consuetudine
1250 994 1499 1037 efficiuntur
1522 993 1726 1047 (Aristot.
1746 994 1841 1038 Pol.
1864 995 1977 1038 1336
1994 1008 2027 1038 a

208 1069 259 1109 18
291 1068 425 1109 πάντα
458 1067 538 1121 γὰρ
569 1068 647 1110 ὅσα
680 1068 856 1109 δυνατὸν
886 1068 1053 1122 ἐθίζειν,
1084 1067 1215 1114 εὐθὺς
1238 1069 1466 1122 ἀρχομένῳ
1492 1068 1652 1122 βέλτιον
1676 1067 1754 1122 μὲν
1775 1068 1938 1118 ἐθίζειν,
1970 1068 2020 1109 ἐκ

203 1143 488 1193 προσαγωγῆς
520 1138 559 1179 δ’
584 1139 747 1191 ἐθίζειν,
794 1139 906 1180 1337
930 1151 956 1179 a
991 1139 1044 1181 18
1089 1140 1178 1181 δεῖ.
1201 1172 1208 1179 .
1230 1172 1237 1179 .
1258 1137 1587 1195 προεθίζεσθαι).
1637 1137 1794 1192 Neque
1833 1136 2021 1191 denique

206 1208 364 1250 desunt
395 1208 498 1260 alia,
532 1223 644 1263 quae
676 1209 723 1250 in
754 1209 837 1251 hoc
870 1208 1198 1252 PS.-Plutarchi
1229 1209 1372 1263 capite
1407 1208 1652 1251 doctrinam
1677 1209 2023 1263 Peripateticam

204 1279 452 1322 redoleant:
491 1279 543 1322 cf.
575 1279 736 1322 Arium
768 1280 944 1334 Didym.
977 1279 1003 1323 l.
1036 1280 1062 1323 1.
1101 1280 1165 1323 ὧν
1196 1281 1275 1335 γὰρ
1313 1283 1360 1322 ἐκ
1392 1282 1567 1335 φύσεως
1604 1281 1738 1335 ἀρχὰς
1768 1282 1921 1335 ἔχομεν
1950 1280 2024 1323 καὶ

205 1353 434 1406 σπέρματα,
479 1353 640 1394 τούτων
672 1352 743 1398 τὰς
773 1353 1021 1407 τελειότητας
1052 1353 1356 1406 περιποιεῖσθαι
1394 1357 1478 1398 τοῖς
1508 1353 1624 1394 ἔθεσι
1654 1352 1725 1393 καὶ
1754 1357 1841 1399 ταῖς
1871 1352 2024 1405 ὀρθαῖς

206 1426 390 1478 ἀγωγαῖς
422 1422 498 1476 (cf.
528 1422 633 1465 ibid.
669 1423 765 1474 118,
800 1424 823 1463 5
858 1427 902 1464 et
931 1422 1116 1465 Aristot.
1148 1423 1251 1464 Eth.
1277 1422 1377 1465 Nic.
1405 1423 1518 1465 1103
1540 1436 1566 1464 a
1599 1424 1655 1464 24
1686 1424 1944 1466 τελειοῦσθαι
1975 1423 2022 1465 δὲ

205 1519 262 1523 -
293 1495 364 1541 τὰς
396 1495 542 1549 ἀρετὰς
580 1522 625 1527 -
658 1496 724 1536 διὰ
755 1500 828 1537 τοῦ
853 1496 1002 1547 ἔθους)
1029 1498 1072 1536 et
1096 1493 1306 1536 Ps.—Plut.
1339 1495 1364 1535 2
1385 1493 1429 1535 A
1455 1495 1876 1549 ἀρχαί-ἀκρότητες.
1925 1492 2023 1536 Ad·

204 1565 389 1608 iniamus
421 1579 539 1607 nunc
570 1565 715 1607 locum
749 1579 855 1608 sane
887 1580 977 1608 non
1009 1566 1160 1620 magni
1190 1564 1413 1616 momenti,
1445 1564 1574 1619 Diog.
1606 1564 1753 1607 Laert.
1787 1564 1828 1608 V
1861 1565 1900 1618 1,
1945 1565 2020 1607 18:

205 1636 473 1679 Aristoteles
505 1642 633 1691 τριῶν
657 1638 738 1692 ἔφη
766 1639 852 1680 δεῖν
876 1638 1058 1691 παιδείᾳ·
1092 1638 1275 1693 φύσεως,
1299 1638 1545 1692 μαθήσεως,
1570 1638 1801 1692 ἀσκήσεως.
1838 1634 2028 1679 Accedit

203 1707 339 1759 locus,
371 1708 447 1762 qui
484 1713 639 1762 postea
674 1709 834 1750 iterum
865 1708 948 1750 erit
996 1707 1260 1763 tangendus,
1311 1711 1460 1749 tamen
1508 1707 1580 1749 hic
1625 1721 1812 1762 quoque,
1850 1707 1888 1749 si
1925 1705 2024 1749 aliis

206 1779 475 1833 argumentis
514 1778 719 1831 adicitur,
758 1779 888 1822 valet.
927 1779 1126 1834 Scriptor
1165 1781 1190 1820 2
1212 1778 1247 1821 O
1279 1778 1592 1833 Pythagoram,
1634 1777 1874 1830 Socratem,
1917 1777 2022 1821 Pla-

205 1855 352 1892 tonem
383 1850 512 1892 valde
546 1850 805 1904 admiratur,
844 1851 964 1905 quod
996 1864 1146 1892 omnes
1177 1850 1350 1892 virtutis
1383 1849 1613 1892 absolutae
1646 1849 1928 1892 condiciones
1960 1849 2023 1891 eis

207 1922 478 1964 acciderunt:
521 1923 739 1977 εὐδαίμων
768 1923 848 1977 μὲν
879 1922 957 1965 οὗν
987 1923 1058 1964 καὶ
1089 1923 1304 1977 θεοφιλής,
1343 1924 1385 1964 εἴ
1409 1938 1469 1976 τῳ
1499 1926 1624 1964 ταῦτα
1655 1923 1788 1964 πάντα
1819 1922 1937 1964 θεῶν
1966 1937 2024 1967 τις

206 1995 440 2036 ἀπέδωκεν.
472 1992 577 2034 Non
608 1993 744 2047 igitur
776 2007 924 2035 omnes
956 1993 1155 2035 homines
1187 1996 1347 2035 natura
1373 1992 1432 2034 ad
1457 1992 1770 2047 perfectionem
1796 1992 2023 2047 pervenire

206 2068 407 2118 possunt3
454 2068 567 2116 sunt,
609 2064 767 2118 quibus
807 2064 987 2106 deorum
1032 2063 1339 2106 benevolentia
1376 2065 1553 2119 egregia
1592 2063 1808 2118 quaedam
1849 2062 2024 2106 indoles

206 2136 311 2178 data
339 2137 405 2178 sit.
427 2135 582 2179 Talem
603 2136 867 2190 opinionem,
894 2151 982 2190 qua
1006 2141 1192 2178 naturae
1219 2136 1492 2190 praestantia
1512 2149 1564 2178 ex
1590 2135 1770 2178 deorum
1797 2135 2024 2178 voluntate

203 2207 381 2268 pendet,
424 2208 514 2249 iam
545 2207 811 2250 Aristoteles
850 2208 1065 2261 expressit
1102 2206 1204 2249 Eth.
1236 2207 1334 2250 Nic.
1372 2208 1483 2248 1179
1504 2206 1531 2248 b
1570 2208 1626 2248 20
1658 2208 1703 2249 τὸ
1733 2207 1813 2261 μὲν
1845 2207 1922 2250 οὖν
1951 2211 2024 2262 τῆς

205 2281 378 2335 φύσεως
411 2280 551 2334 δῆλον,
589 2281 649 2321 ὅτι
688 2281 767 2322 οὐκ
804 2281 875 2333 ἐφ’
903 2281 1003 2334 ἡμῖν
1033 2280 1221 2333 ὑπάρχει,
1253 2278 1356 2320 ἀλλὰ
1389 2279 1455 2320 διά
1486 2294 1596 2324 τινας
1633 2280 1752 2325 θείας
1782 2280 1909 2324 αἰτίας
1940 2283 2025 2325 τοῖς

207 2355 268 2397 ὡς
299 2352 476 2405 ἀληθῶς
507 2352 716 2405 εὐτυχέσιν
746 2352 932 2405 ὑπάρχει.
947 2350 978 2402 2)
1027 2348 1166 2403 Apud
1203 2352 1401 2403 posteros
1433 2363 1533 2391 vero
1565 2348 1886 2402 Peripateticos
1924 2362 2022 2391 eam

206 2421 305 2475 plus
337 2421 527 2463 valuisse
555 2421 795 2478 constat³):
826 2421 928 2464 Eth.
955 2420 1068 2463 Eud.
1104 2422 1218 2462 1224
1239 2434 1265 2462 a
1291 2421 1348 2462 23
1375 2423 1553 2475 praeter
1578 2419 1860 2462 condiciones
1885 2420 2022 2474 φύσιν,

205 2495 405 2548 μάθησιν,
441 2495 614 2547 ἄσκησιν
651 2492 831 2535 additur
867 2495 1060 2547 ἐπιπνοίᾳ
1099 2494 1320 2547 δαιμονίου
1359 2493 1468 2538 τινὸς
1486 2525 1495 2533 .
1520 2524 1528 2533 .
1547 2525 1556 2533 .
1595 2494 1620 2547 ἢ
1659 2493 1726 2533 διὰ
1763 2491 1836 2546 τὴν
1875 2492 2022 2546 τύχην·

205 2565 403 2622 πολλάκις
429 2566 507 2619 γὰρ
538 2566 688 2607 ταύτόν
718 2582 844 2620 φασιν
876 2566 977 2607 εἶναι
1007 2565 1080 2619 τὴν
1112 2564 1381 2618 εὐδαιμονίαν
1411 2565 1484 2605 καὶ
1513 2564 1586 2618 τὴν
1617 2564 1816 2617 εὐτυχίαν.

351 2634 439 2677 Sed
484 2636 683 2689 quamvis
725 2635 865 2678 multa
909 2636 954 2677 in
992 2635 1314 2689 Peripateticos
1352 2647 1432 2675 nos
1474 2637 1690 2684 revocent,
1736 2632 1942 2675 audiatur
1978 2636 2024 2675 et

206 2706 346 2748 altera
371 2705 494 2760 pars!
522 2705 645 2761 Quae
673 2710 862 2761 scriptor
886 2707 969 2748 hoc
997 2707 1140 2761 capite
1166 2709 1343 2757 tractat,
1370 2704 1594 2748 nonnullis
1621 2704 1854 2760 Chrysippi
1878 2703 2023 2747 verbis
2090 2748 2094 2751 ,

351 2846 378 2890 ²)
405 2846 452 2882 cf.
480 2846 611 2882 Galen.
634 2847 690 2882 De
709 2847 823 2892 Hipp.
846 2850 883 2882 et
909 2847 964 2882 Pl.
993 2847 1027 2882 d.
1053 2848 1124 2882 466
1144 2847 1193 2882 K.
1214 2853 1295 2883 τῶν
1317 2849 1394 2892 μέν
1413 2849 1492 2893 γὰρ
1517 2847 1682 2892 ἀλόγων
1708 2852 1780 2893 τῆς
1804 2851 1932 2892 ψυχῆς
1953 2851 2045 2891 με··

206 2912 289 2952 ρῶν
316 2908 467 2952 ἀνάγκη
494 2909 557 2942 καὶ
583 2907 656 2951 τὰς
682 2908 829 2954 ἀρετὰς
853 2907 1078 2952 <ἀλόγους>
1096 2905 1209 2951 εἶναι,
1232 2912 1302 2942 τοῦ
1326 2908 1552 2952 λογιστικοῦ
1577 2905 1623 2941 δὲ
1644 2906 1771 2950 μόνον
1797 2904 2025 2951 λογιστικὴν

206 2978 238 3000 u.
266 2979 295 3000 τ.
324 2967 359 3001 λ.

350 3023 378 3068 ²)
406 3024 537 3059 Simile
563 3028 619 3059 est
643 3024 813 3060 Platonis
839 3025 932 3059 illud
958 3026 1045 3072 θείᾳ
1067 3027 1195 3072 μοίρᾳ.

349 3084 377 3126 ³)
402 3095 435 3118 v.
462 3084 596 3128 Zeller,
635 3084 772 3119 Philos.
806 3084 840 3119 d.
869 3083 1017 3119 Griech.
1056 3097 1089 3119 v.
1117 3083 1158 3119 ΙΙ
1191 3085 1212 3118 2
1234 3084 1247 3106 2
1277 3096 1312 3129 p.
1340 3085 1426 3128 7043
1466 3084 1581 3118 Arist.
1614 3082 1700 3117 Eth.
1727 3082 1823 3118 Eud.
1850 3080 1954 3117 VIII
1982 3080 2020 3124 2,

205 3154 239 3186 p.
270 3142 398 3176 1246b
425 3143 483 3187 37,
509 3142 651 3187 Magna
676 3143 773 3178 Mor.
799 3143 842 3177 II
868 3144 900 3179 8.
