2138 3438
954 137 1249 180 —102—

194 279 415 323 coloribus
448 280 671 335 depictum
703 293 808 322 esse.
843 278 932 322 Sed
966 279 1020 321 de
1064 279 1236 333 reliqua
1267 278 1583 334 Xenophontis
1621 279 1868 322 imitatione
1900 278 2012 323 nihil

193 352 301 394 certi
346 351 551 394 contendi
597 354 757 406 potest,
803 351 907 405 quia
938 351 984 393 in
1016 350 1146 392 rebus
1183 351 1300 392 tritis
1341 364 1394 396 ac
1424 350 1678 406 vulgaribus
1722 353 1936 404 versatur,
1964 350 2012 393 id
2055 369 2083 375 ·

195 438 329 466 unum
373 427 539 466 certum
588 427 667 475 est,
717 423 1034 477 Xenophontis
1088 422 1397 465 auctoritatem
1454 421 1574 477 apud
1628 422 2012 465 Ps.-Plutarchum

191 495 375 537 multum
394 495 599 547 valuisse,
622 495 785 550 quippe
801 495 875 549 qui
896 493 1221 537 Socraticorum
1244 493 1472 547 opiniones
1497 496 1729 549 tantopere
1755 493 2010 546 admiretur,

193 581 378 622 quarum
418 566 562 609 fontes
602 566 723 609 haud
771 565 939 608 minimi
988 565 1307 619 Xenophontis
1348 565 1513 620 scripta
1553 569 1679 608 erant
1697 566 1742 623 ¹).
1805 564 1930 620 Quae
1973 565 2034 608 si⁴

192 638 534 693 complectimur,
579 651 729 680 omnes
769 651 850 690 res,
891 650 1004 691 quae
1050 636 1276 688 adhibitae
1317 640 1432 691 sunt,
1475 636 1661 679 eandem
1698 636 1788 679 fere
1821 640 2012 680 aetatem

192 710 389 752 indicare
421 710 637 762 videntur,
663 710 688 752 i.
723 723 756 751 6.
783 709 944 751 Dionis
984 708 1118 750 ferme
1153 712 1370 763 tempora:
1415 722 1579 763 quare
1611 708 2012 752 Ps.-Plutarchi

192 781 442 824 libellum
489 782 632 824 circa
673 780 828 823 limen
873 780 1103 822 alterius
1135 784 1257 835 post
1296 779 1564 823 Christum
1595 782 1774 822 natum
1807 779 2012 823 saeculi

194 853 555 908 conscriptum
589 867 701 894 esse
735 852 986 909 cense02).

335 924 570 979 Reliquum
603 928 682 976 est,
715 928 765 966 ut
797 923 848 966 de
881 924 1036 979 paucis
1079 923 1343 978 quibusdam
1375 923 1504 966 rebus
1538 923 1763 975 disseram,
1796 936 1819 964 e
1852 922 2012 977 quibus

192 996 245 1038 de
272 997 487 1050 scriptore
506 996 602 1050 ipso
624 996 807 1050 eiusque
828 996 1004 1051 ingenio
1027 995 1230 1038 concludi
1250 995 1403 1050 possit.
1429 995 1499 1037 De
1526 1009 1614 1049 qua
1634 1008 1679 1037 re
1699 995 1788 1037 iam
1806 994 2010 1049 Wytten-

194 1067 378 1110 bachius
421 1067 642 1110 luculente
686 1068 793 1123 egit:
839 1058 1100 1122 scriptorem
1145 1067 1367 1110 hominem
1412 1081 1553 1121 paene
1584 1066 1741 1108 rudem
1781 1069 1914 1121 atque
1945 1065 2012 1108 in-

193 1140 370 1182 doctum
415 1154 508 1182 esse
541 1153 594 1182 ex
638 1139 930 1194 dispositione
963 1139 1174 1191 locorum,
1220 1153 1243 1181 e
1274 1153 1434 1181 manca
1465 1142 1510 1180 et
1542 1138 1733 1181 obscura
1764 1152 1908 1180 rerum
1940 1152 2011 1180 ex-

191 1211 444 1266 plicatione,
476 1226 527 1254 ex
558 1211 784 1254 nonnullis
816 1211 960 1254 verbis
993 1210 1127 1254 laevis
1162 1215 1360 1265 apparet.
1392 1209 1543 1265 Atque
1576 1206 1837 1264 explicandi
1861 1209 2009 1252 dicen·

193 1283 324 1338 dique
356 1297 494 1338 genus
538 1297 868 1337 nonnumquam
913 1286 1003 1325 tam
1047 1283 1275 1337 inelegans
1321 1286 1364 1325 et-
1406 1283 1606 1337 ineptum
1637 1285 1716 1334 est,
1760 1285 1810 1323 ut
1840 1279 1916 1323 ille
1946 1280 2012 1323 vir

193 1354 348 1397 doctus
372 1354 570 1397 libellum
591 1370 617 1397 a
644 1354 860 1409 discipulo
883 1354 1074 1409 quodam
1096 1355 1393 1408 conscriptum
1414 1368 1507 1396 esse
1528 1354 1707 1408 putarit.
1738 1353 1799 1396 Et
1825 1355 2014 1407 apparet

192 1440 242 1468 ex
274 1426 497 1469 nonnullis
529 1427 639 1469 locis
679 1429 939 1481 scriptorem
972 1440 1060 1468 non
1091 1429 1183 1468 tam
1216 1430 1397 1468 ornatus
1429 1424 1662 1479 cultusque
1694 1423 2012 1479 neglegentem,

193 1513 323 1553 quam
351 1498 571 1541 scribendi
597 1498 728 1553 plane
754 1499 1005 1552 imperitum
1031 1497 1179 1540 fuisse.
1198 1489 1279 1539 'Ina
1304 1497 1506 1549 aliorum,
1539 1497 1753 1551 imprimis
1780 1499 2038 1550 poetarum‘

193 1569 312 1612 dicta
351 1569 577 1624 pueriliter
614 1569 902 1612 inducuntur:
945 1571 965 1611 1
989 1568 1029 1611 B
1068 1571 1137 1611 καὶ
1173 1570 1306 1625 σοφὸς
1338 1571 1420 1623 ἄρα
1460 1568 1512 1624 ἦν
1544 1570 1568 1610 ὁ
1598 1570 1785 1623 ποιητής,
1819 1569 1866 1614 ὅς
1897 1583 2014 1623 φησι,

199 1644 217 1683 1
242 1641 291 1692 C,
328 1643 348 1683 1
372 1641 430 1694 D,
464 1642 490 1683 4
511 1641 549 1683 F
576 1644 656 1684 οὐκ
683 1642 910 1697 ἀκόμψως,
937 1642 1040 1684 ἀλλὰ
1067 1643 1135 1684 καὶ
1161 1642 1269 1684 πάνυ
1296 1642 1480 1693 ἀστείως,
1506 1641 1531 1682 3
1554 1639 1604 1692 F,
1629 1641 1655 1681 4
1675 1638 1733 1691 A,
1761 1641 1786 1682 9
1807 1638 1864 1692 D,
1893 1640 1947 1681 10
1965 1637 2012 1681 A
2048 1692 2050 1694 v

197 1713 287 1755 alia
297 1729 307 1764 ;
337 1712 404 1754 vel
430 1715 480 1755 ut
506 1726 619 1766 quae
645 1711 825 1767 profert,
858 1711 1096 1763 confirmet,
1123 1712 1369 1766 interrogat·
1400 1711 1637 1753 rhetorice:
1671 1712 1692 1753 1
1715 1710 1758 1752 D
1791 1711 1836 1753 τὸ
1860 1715 2008 1761 ποῖον,·

193 1787 218 1826 2
239 1785 282 1826 D
310 1786 419 1839 μόνα
439 1788 521 1838 ἄρα
542 1789 666 1827 ταῦτα
693 1786 990 1835 ὃιαόείκνυσιν,·
1025 1786 1118 1834 οὐκ,
1153 1785 1253 1826 ἀλλὰ
1281 1786 1404 1841 μυρία
1429 1785 1496 1827 ἐπὶ
1521 1785 1698 1838 μυρίοις,
1730 1783 1756 1824 9
1777 1781 1836 1835 Β;
1870 1779 1939 1823 vel
1964 1794 2011 1823 se

191 1856 427 1898 maximum
460 1855 679 1898 dicturum
701 1869 795 1898 esse
828 1854 1066 1898 condendit
1092 1857 1117 1898 4
1139 1854 1179 1897 B
1204 1857 1249 1898 τὸ
1276 1857 1322 1898 δὲ
1346 1857 1516 1899 πάντων
1540 1857 1731 1910 μέγιστον
1756 1854 1826 1896 καὶ
1852 1854 2010 1907 κυριώ-

192 1945 311 1970 τατον
342 1932 427 1970 τῶν
471 1930 706 1983 εἰρημένων
749 1929 927 1982 ἔρχομαι
970 1929 1162 1982 φράσων,
1197 1928 1221 1969 8
1241 1926 1298 1978 D,
1342 1929 1393 1970 lO
1414 1926 1469 1979 B,
1506 1927 1556 1968 11
1581 1925 1616 1969 C
1647 1926 1763 1980 παρὰ
1796 1925 1842 1968 δὲ
1872 1930 2013 1973 ταῦτα,

192 2001 293 2056 ὅπερ
324 2001 426 2042 ἐστὶν
458 2002 827 2054 ἱεροπρεπέστατον
846 2030 855 2040 .
877 2031 915 2050 .,
949 1998 1038 2041 3113
1071 1998 1251 2052 similia;
1287 1999 1312 2039 4
1332 1999 1375 2040 D
1410 1999 1493 2041 Ζεῦ
1526 1999 1595 2040 καὶ
1619 1998 1713 2040 θεοὶ
1736 1998 1897 2046 πάντες,
1928 1997 1952 2038 5
1975 1993 2012 2039 C

192 2072 377 2114 συνελὼν
424 2073 558 2113 τοίνυν
603 2073 687 2126 ἐγώ
721 2088 829 2126 φημι
863 2069 951 2127 (καὶ
994 2072 1298 2126 χρησμολογεῖν
1335 2071 1496 2125 μᾶλλον
1528 2073 1554 2126 ἢ
1586 2074 1800 2124 παραινεῖν
1833 2069 2004 2123 δόξαιμ’

192 2145 244 2184 ἂν
276 2143 478 2195 εἰκότως),
513 2143 538 2184 8
558 2142 696 2184 E-F
730 2145 767 2184 τί
795 2143 872 2184 οὖν
904 2144 955 2184 ἄν
987 2160 1042 2189 τις
1074 2145 1181 2185 εἴποι
1214 2160 1252 2184 κ.
1284 2160 1315 2184 τ.
1349 2144 1394 2191 λ.,
1426 2141 1465 2183 F
1497 2144 1565 2184 καὶ
1603 2146 1726 2184 ταῦτα
1758 2141 1835 2195 μὲν
1867 2141 1919 2195 δὴ
1951 2143 2011 2194 τῷ

194 2215 307 2269 λόγῳ
331 2216 721 2269 παρεφορτισάμην,
746 2217 811 2257 ἵνα
838 2216 989 2269 ἐφεξῆς
1015 2215 1084 2256 καὶ
1109 2215 1234 2256 τᾶλλα
1259 2215 1453 2268 συνάψω,
1482 2212 1585 2255 alia.
1612 2212 1682 2255 De
1708 2210 2010 2266 dispositionis
2051 2247 2054 2249 Α

194 2285 345 2327 ordine
379 2284 636 2339 perturbato
670 2288 713 2327 et
743 2284 1007 2327 inconcinno
1033 2284 1120 2326 iam
1154 2285 1298 2338 prima
1331 2283 1531 2338 opusculi
1564 2287 1690 2338 parte
1723 2283 1831 2325 satis
1863 2285 2012 2324 actum

193 2360 270 2398 est.
301 2356 473 2411 Quibus
499 2356 629 2398 rebus
655 2360 699 2398 61
730 2355 998 2410 ineptiarum
1029 2355 1326 2406 multitudine,
1359 2369 1489 2409 quam
1516 2358 1745 2408 praeterea
1770 2353 2012 2407 indagavit,

194 2432 437 2470 commotus
469 2427 839 2482 Wyttenbachius
865 2428 928 2470 ita
954 2427 1006 2469 de
1034 2430 1246 2481 scriptore
1274 2426 1476 2468 coniecit:
1507 2425 1738 2468 Plutarchi
1765 2423 2011 2479 discipulus

193 2499 372 2553 quidam
404 2503 511 2551 erat,
558 2500 632 2554 qui
664 2503 797 2542 antea
830 2499 938 2541 artis
981 2499 1228 2541 rhetoricae
1269 2501 1473 2550 sectator,
1515 2496 1672 2539 deinde
1704 2494 2010 2551 philosophiae

338 2617 363 2662 1)
391 2618 492 2663 Quae
531 2617 719 2662 Dyroffius
745 2618 770 2652 1.
797 2618 820 2652 1.
846 2630 881 2663 p.
909 2618 978 2653 345
1017 2617 1251 2663 „Xenophon
1289 2617 1326 2652 in
1364 2616 1429 2651 der
1466 2615 1579 2651 Stoa⁴⁴
1620 2615 1787 2660 exponit,
1824 2614 1898 2649 huc
1934 2626 2010 2649 non

193 2678 390 2722 pertinent,
429 2677 528 2722 quod
563 2677 823 2722 Xenophontis
862 2677 1023 2712 imitatio
1062 2676 1310 2712 demonstrari
1348 2687 1422 2710 non
1459 2677 1583 2720 potest
1614 2674 1686 2709 nisi
1718 2676 1758 2709 in
1789 2674 1938 2709 Persaei
1971 2675 2010 2710 61

194 2736 351 2782 Sphaeri
377 2737 482 2771 libris
508 2738 554 2772 de
579 2737 964 2772 Lacedaemoniorum
989 2749 1028 2772 re
1066 2737 1218 2781 publica
1242 2736 1471 2780 conscriptis,
1510 2734 1574 2769 ubi
1599 2746 1674 2768 non
1701 2733 1745 2768 de
1772 2733 2011 2779 philosophia

195 2809 250 2831 rcs
276 2799 341 2831 est.
381 2796 462 2841 Qua
500 2808 539 2831 re
577 2797 738 2841 denique
767 2795 992 2831 Wendlandi
1029 2796 1143 2831 verba
1186 2795 1327 2837 Qaaest.
1354 2794 1498 2829 Muson.
1524 2806 1559 2839 p.
1588 2794 1630 2828 11
1653 2822 1661 2830 .
1683 2819 1690 2828 .
1711 2819 1719 2828 .
1757 2792 2010 2838 Xenophontis

193 2855 478 2901 commentariis,
499 2867 586 2899 quos
606 2855 812 2899 antiquitus
828 2855 1033 2900 praecipzw
1052 2854 1172 2889 studio
1192 2853 1310 2889 Stoici
1326 2853 1644 2898 amplectebantur,
1669 2853 1849 2896 nitantur,
1869 2852 2010 2887 nescio.

336 2915 363 2959 ²)
390 2914 640 2960 Grassbergeri
682 2916 905 2949 sententiam
943 2915 1073 2959 probo,
1111 2914 1174 2958 qui
1200 2926 1234 2949 v.
1253 2912 1293 2948 II
1318 2925 1354 2958 p.
1377 2912 1419 2948 10
1446 2913 1500 2947 ita
1537 2915 1678 2947 censet:
1719 2911 1793 2955 „Er
1819 2911 2010 2956 (scriptor)

192 2975 241 3008 ist
265 2975 475 3019 Synkretist
500 2974 576 3008 und
601 2973 909 3009 wahrscheinlich
928 2974 1169 3019 Zeitgenosse
1195 2972 1416 3008 Hadrians.“
1445 2971 1679 3017 Quamquam
1705 2970 1864 3006 eundem
1889 2969 2009 3006 multo

194 3034 276 3078 plus
302 3034 530 3078 suspicatum
557 3045 646 3078 esse,
673 3045 786 3078 quam
811 3034 909 3068 inest
935 3033 1045 3077 libro,
1071 3035 1175 3077 puto,
1201 3043 1285 3067 cum
1310 3031 1421 3067 dicit:
1463 3031 1560 3075 „Der
1586 3030 1781 3066 Verfasser
1814 3028 2011 3076 empfiehlt

196 3093 289 3126 ohne
309 3093 532 3137 cigentliclie
553 3093 709 3137 geistigc
730 3092 886 3127 Schiirfc
901 3092 981 3126 ciue
998 3090 1329 3137 religios-sitiliche
1350 3090 1576 3135 Erziohung,
1596 3092 1666 3124 mit
1679 3088 2010 3134 neuplatonischer

193 3151 448 3198 Auschauung
474 3164 546 3189 von
572 3152 637 3189 der
664 3152 975 3199 Siiudhaftigkcit
1001 3151 1064 3187 des
1091 3151 1328 3186 Menschen.“
