2138 3438
924 116 1220 157 -41-

163 257 211 298 id
240 257 398 299 bonum
427 271 548 311 cura,
579 258 694 312 quod
734 260 940 299 vetustate
971 257 1031 312 fit
1059 257 1235 309 melins;
1275 256 1556 299 laudationes
1586 259 1775 306 παιδείας
1805 261 1980 300 exstant

164 326 282 382 apud
315 326 556 371 Stobaeum
586 326 682 369 Ecl.
712 327 762 369 II
795 329 865 379 31,
907 326 1167 370 Aristotelis
1198 327 1288 384 (30,
1320 329 1389 381 35,
1434 330 1524 382 47),
1557 327 1838 371 Antisthenis
1871 329 1979 386 (33),

164 398 362 441 Socratis
395 397 503 454 (44),
537 398 739 440 Platonis
765 400 873 454 (80),
907 399 1095 441 aliorum
1128 398 1217 455 (39,
1243 398 1334 455 92).
1366 398 1518 441 Facile
1546 404 1612 441 est
1636 399 1766 454 plura
1793 400 1980 454 adferre,

163 470 242 512 sed
266 469 374 512 satis
400 470 458 512 sit
483 469 854 513 demonstravisse
879 484 976 513 eam
1001 484 1092 512 rem
1117 470 1331 524 imprimis
1357 470 1409 512 in
1434 472 1748 525 protreptici
1773 471 1979 526 generis

164 540 423 598 scriptis¹)
455 541 757 595 pervulgatam
782 540 932 584 fuisse,
963 541 1025 583 Et
1049 541 1264 584 bonorum
1290 541 1367 583 illa
1394 542 1642 583 aestimatio
1670 542 1802 583 etiam
1829 556 1979 584 eorum

162 611 526 666 philosophorum
558 613 650 654 sine
683 611 818 654 dubio
845 617 923 664 est,
956 613 1032 666 qui
1062 616 1112 654 ut
1137 612 1427 666 Peripatetici
1459 617 1640 655 externa
1671 627 1770 655 verc
1805 613 1973 668 „bona“

163 697 257 726 esse
289 687 485 726 censent:
531 683 693 737 ubique
738 683 906 726 scilicet
950 684 1085 725 animi
1117 683 1263 725 cultus
1308 697 1359 725 ac
1390 684 1529 725 virtus
1561 698 1776 726 summum
1813 684 1977 726 boumn

162 758 356 808 putatur.
399 754 566 797 Tamen
597 754 812 797 eiusmodi
850 755 1061 797 iudicium
1093 755 1331 809 praecipue
1365 755 1411 796 in
1443 754 1618 798 Stoicos
1651 755 1866 797 deducere
1897 769 1977 796 nos

163 825 351 878 videtur3
397 840 532 880 quare
577 830 794 880 quatenus
826 825 1192 868 Ps.-Plutarchus
1239 840 1337 868 cum
1369 827 1432 868 eis
1465 831 1692 881 congruat,
1738 826 1976 868 videamus.

163 897 390 939 Bonorum
422 898 769 940 aestimationem
799 911 899 940 vere
925 897 1134 950 Stoicam,
1166 902 1216 939 ut
1240 897 1348 939 mihi
1375 898 1551 952 quidem
1575 898 1760 950 videtur,
1794 897 1979 952 praebet

164 967 332 1011 Seneca
362 968 446 1023 Ep.
474 970 541 1021 76,
571 967 648 1010 ubi
684 969 888 1010 virtutem
920 969 945 1011 i.
978 982 1015 1010 e.
1056 968 1273 1010 rationem
1315 968 1557 1022 perfectam
1594 968 1756 1010 bonum
1788 968 1978 1010 hominis

161 1039 388 1093 proprium
419 1053 513 1081 esse
545 1039 819 1094 comprobat:
854 1041 879 1082 8
923 1040 1073 1082 omnia
1105 1054 1185 1082 suo
1218 1039 1324 1082 bono
1355 1044 1558 1082 constant
1589 1073 1597 1081 .
1625 1073 1632 1081 .
1659 1074 1667 1082 .
1712 1041 1762 1082 ln
1804 1040 1978 1082 homine

161 1111 370 1165 optimum
399 1112 537 1153 ratio:
569 1111 649 1153 kae
679 1112 890 1154 antecedit
920 1111 1150 1165 animalia,
1182 1112 1278 1153 deos
1302 1112 1512 1166 sequitur.
1537 1112 1649 1153 ratio
1675 1125 1769 1166 eryo
1784 1112 1977 1166 perfecta

155 1181 390 1236 proprium
436 1181 599 1223 bonum
642 1186 717 1235 est,
758 1186 895 1223 cetera
930 1182 1002 1223 illi
1043 1195 1143 1223 cnm
1185 1182 1454 1224 animalibus
1496 1183 1686 1236 satisque
1728 1183 1978 1225 communia

161 1256 278 1294 sunt.
309 1251 444 1294 valet:
476 1256 517 1294 et
546 1253 696 1295 leones.
727 1253 978 1307 formonsus
1009 1256 1094 1294 est:
1138 1255 1179 1294 et
1202 1267 1407 1307 pavones.
1439 1254 1558 1295 'celox
1583 1257 1667 1295 est:
1700 1257 1741 1295 et
1769 1254 1872 1308 equi
1896 1286 1904 1295 .
1932 1287 1940 1295 .
1968 1287 1974 1294 .

161 1337 311 1378 corpus
340 1322 488 1365 habet:
533 1326 574 1366 et
601 1324 776 1366 arbores
818 1327 890 1367 etc.
940 1323 1011 1365 Ex
1056 1338 1142 1379 quo
1186 1323 1283 1365 loco
1328 1323 1561 1366 verisimile
1606 1328 1672 1366 est
1717 1328 1978 1378 argumenta

162 1393 215 1436 de
247 1393 488 1436 bestiarum
520 1397 850 1449 comparatione
883 1398 1059 1449 sumpta
1091 1395 1326 1449 praecipue
1360 1395 1514 1438 Stoica
1546 1396 1699 1450 esse2).
1741 1395 1844 1437 Non
1876 1409 1977 1437 rara

163 1469 276 1524 sunt,
307 1470 357 1507 ut
389 1465 509 1520 apud
533 1466 784 1518 Boethium,
809 1466 878 1508 De
911 1465 1074 1509 consol.
1107 1465 1213 1520 phil.
1240 1466 1314 1508 ΙΙΙ
1346 1468 1384 1519 8,
1419 1468 1473 1509 13
1506 1465 1626 1523 (post
1657 1467 1827 1522 reliqua
1859 1466 1977 1508 bona

163 1535 218 1578 de
249 1538 470 1594 corpore):
507 1538 597 1580 iam
628 1552 725 1580 vero
756 1538 835 1593 qm·
877 1537 987 1580 bona
1014 1552 1122 1592 prae
1153 1550 1196 1579 se
1227 1538 1419 1593 corporis
1450 1538 1616 1592 ferunt,
1647 1552 1774 1592 quam
1807 1538 1976 1592 eiciqua,

161 1621 294 1662 quam
335 1609 489 1663 frayc‘li
523 1609 792 1664 possessione
836 1611 1056 1651 utuntur!
1102 1623 1213 1651 num
1243 1609 1356 1666 enim
1395 1609 1642 1664 elephantos
1672 1609 1794 1662 mole,
1825 1613 1977 1651 tauros

161 1679 309 1721 robore
338 1694 544 1734 superare
568 1681 783 1735 poteritis,
815 1694 922 1722 nam
949 1681 1081 1735 thres
1106 1680 1319 1722 velocitate
1344 1680 1605 1734 praeibitis?
1640 1679 1706 1721 vel
1731 1679 1975 1721 Eusebium

163 1765 231 1805 ap.
263 1750 384 1794 Stob.
410 1750 507 1793 Ecl.
539 1751 619 1805 IV,
651 1767 690 1806 p.
717 1753 817 1803 345,
854 1753 907 1794 13
921 1750 981 1793 H.
1025 1752 1253 1804 ἄνθρωποι
1295 1752 1412 1805 ἰσχὺν
1454 1752 1524 1793 καὶ
1567 1738 1822 1807 ῥώμηνοκαὶ
1851 1753 1976 1806 τάχος

115 1832 118 1835 ’
161 1827 300 1876 μοῦνα
331 1823 549 1870 ἀσκέοντες
580 1825 785 1878 ἀγνοεῦσι,
818 1823 978 1864 τούτων
1007 1823 1090 1876 μὲν
1120 1823 1252 1865 ὁκόσα
1284 1822 1404 1864 κοινὰ
1435 1823 1542 1876 πρὸς
1574 1824 1704 1877 θηρία
1735 1825 1874 1877 ἔχουσι
1905 1824 1975 1865 καὶ

160 1898 246 1936 τῶν
287 1894 458 1936 πολλῶν
502 1895 774 1947 ἀσθενέστερα
813 1911 850 1935 κ.
887 1911 918 1936 τ.
944 1896 977 1935 λ.
1015 1891 1274 1935 Consimilia
1319 1897 1433 1944 sunt,
1479 1907 1593 1947 quae
1637 1893 1850 1935 Ps.-Plut.
1893 1892 1972 1935 511}

162 1967 317 2006 contra
349 1965 468 2019 ἰσχύν
499 1964 735 2006 declamat:
771 1963 822 2006 cf.
855 1963 1014 2006 Boeth.
1046 1963 1074 2005 l.
1099 1963 1129 2005 l.
1162 1964 1420 2019 elephantos,
1452 1967 1615 2018 tauros,
1642 1966 1770 2020 tiyres
1798 1990 1852 1996 —
1879 1965 1973 2006 Ps.-

163 2034 282 2076 Plut.
314 2036 552 2089 ἐλεφάντων
576 2036 647 2077 καὶ
671 2036 841 2089 ταύρων
861 2037 931 2078 καὶ
961 2036 1153 2078 λεόντων.
1186 2034 1275 2078 Sed
1300 2049 1353 2077 ex
1378 2034 1533 2077 iisdem
1559 2035 1626 2077 his
1652 2035 1762 2078 locis
1789 2039 1975 2090 apparet

162 2105 270 2147 haec
303 2109 562 2160 argumenta
593 2106 686 2147 eius
718 2106 866 2160 potius
897 2105 985 2148 loci
1018 2106 1262 2148 communis
1295 2120 1402 2159 esse,
1449 2107 1525 2161 qui
1557 2111 1624 2149 est
1655 2111 1810 2149 contra
1842 2108 1972 2162 ἰσχύν,

161 2177 343 2219 nimium
371 2178 564 2231 corporis
589 2177 756 2219 cultum
781 2176 1032 2232 (Stobaeus,
1055 2176 1154 2219 Eel.
1179 2177 1247 2221 IV
1281 2191 1315 2219 c.
1345 2180 1397 2220 12
1425 2180 1560 2233 ψόγος
1590 2180 1744 2233 τόλμης
1767 2181 1975 2233 στρατείας

162 2249 232 2290 καὶ
260 2247 434 2304 ἰσχύος).
466 2247 523 2289 Id
554 2248 672 2302 quod
703 2252 856 2290 contra
900 2247 1076 2306 diritias
1120 2247 1334 2302 adfertur,
1365 2251 1425 2291 ὅτι
1457 2251 1526 2292 καὶ
1555 2255 1638 2296 τοῖς
1677 2251 1974 2304 πονηροτάτοις

160 2320 339 2374 μέτεστιν
368 2318 414 2376 (6
443 2318 652 2375 πλοῦτος),
685 2319 801 2361 inter
832 2319 1125 2374 Stoicorum3)
1159 2324 1420 2374 argumenta
1451 2319 1589 2362 fuisse
1622 2319 1917 2374 intellegimus
1950 2332 1972 2360 e

162 2387 356 2431 Senecae
389 2404 456 2444 ep.
484 2391 551 2441 87,
582 2391 634 2432 15
666 2391 780 2445 qnod
812 2391 1172 2445 contemptissimo
1204 2391 1358 2446 cuique
1382 2392 1627 2445 continyere
1652 2405 1702 2433 ac
1722 2391 1972 2445 turpissimo

155 2464 308 2515 potest,
351 2462 512 2503 bonum
555 2476 646 2503 non
688 2466 760 2503 est.
800 2475 899 2516 opes
925 2495 932 2502 .
962 2495 969 2502 .
1001 2495 1008 2502 .
1055 2475 1151 2516 erqo
1202 2476 1288 2504 non
1331 2466 1435 2503 sunt
1478 2463 1602 2504 bona.
1665 2461 1830 2503 Tamen
1875 2475 1973 2503 cum

162 2531 412 2574 accuratius
444 2532 771 2575 Ps.-Plutarchi
802 2532 935 2573 verba
978 2536 1318 2585 perscrutamur,
1358 2546 1410 2574 ea
1441 2547 1539 2575 vere
1573 2532 1724 2575 Stoica
1755 2547 1844 2574 non
1876 2545 1970 2573 esse

160 2602 522 2645 verisimillimum
552 2603 612 2645 fit.
643 2603 760 2645 Nam
792 2603 868 2646 ubi
900 2603 1076 2645 omnino
1109 2604 1298 2657 scriptor
1322 2603 1430 2657 quid
1456 2603 1509 2645 de
1533 2603 1661 2646 bonis
1687 2603 1971 2646 iudicandum

305 2730 332 2775 ¹)
358 2744 391 2768 v.
413 2731 643 2776 Gerhiiusser,
671 2733 741 2767 Der
761 2731 1019 2776 Protreptikos
1038 2731 1102 2766 des
1114 2731 1350 2776 Posidonios,
1364 2744 1399 2776 p.
1414 2732 1471 2777 38,
1487 2733 1549 2777 qui
1565 2735 1758 2777 comparat
1770 2732 1969 2767 Iamblich.

162 2789 283 2825 Protr.
308 2802 343 2835 p.
362 2791 420 2833 47,
446 2792 504 2835 28,
529 2792 574 2827 90
600 2791 704 2835 Pist„
730 2791 805 2826 Cic.
832 2791 1006 2825 Hortens.
1031 2791 1088 2834 87,
1115 2791 1171 2835 76,
1198 2791 1255 2835 79,
1293 2791 1426 2827 Galen.
1457 2791 1647 2837 Protrept.
1677 2791 1777 2827 VIII
1804 2803 1837 2836 p.
1866 2792 1885 2825 7
1901 2791 1969 2834 Κ.;

162 2847 263 2883 VIII
288 2861 326 2894 p.
351 2851 372 2885 9
397 2852 481 2892 etc,
506 2850 640 2886 Boeth.
666 2851 775 2886 Cous.
801 2850 893 2895 phil.
919 2849 983 2884 ΙΙΙ
1009 2850 1042 2894 2,
1067 2849 1103 2893 4,
1128 2851 1161 2894 6,
1186 2851 1220 2894 8,
1245 2851 1329 2885 alia.

305 2920 334 2965 ²)
353 2921 527 2956 Ceterum
548 2921 594 2957 cf.
617 2921 880 2964 Dickermann,
905 2921 956 2955 De
977 2922 1206 2966 argumentis
1222 2921 1441 2966 quibusdam
1459 2922 1556 2966 apud
1571 2921 1752 2966 Xenoph.,
1774 2920 1969 2955 Platonem

162 2978 320 3015 Aristot.
345 2979 464 3014 obviis
489 2992 508 3015 e
534 2983 723 3016 structura
746 2980 909 3015 hominis
935 2982 972 3014 et
997 2980 1214 3015 animalium
1240 2982 1367 3026 petitis
1393 2981 1504 3026 (Diss.
1530 2980 1634 3016 Hall.
1663 2980 1779 3025 1909).

303 3051 332 3092 ³)
360 3049 407 3085 cf.
432 3051 547 3085 etiam
573 3051 720 3086 Philon.
760 3051 815 3086 De
853 3054 987 3096 poster.
1015 3050 1121 3086 Caini
1163 3052 1240 3097 159,
1277 3056 1469 3096 praeterea
1496 3051 1604 3095 Diog.
1632 3050 1755 3086 Laert.
1783 3051 1862 3087 VH
1891 3051 1968 3094 102,

162 3107 260 3143 Plut.
288 3109 343 3143 De
368 3109 484 3145 Stoic.
510 3121 585 3155 rep.
612 3110 703 3146 1048
718 3121 748 3152 c,
776 3109 861 3146 Sen.
888 3109 957 3154 Ep.
986 3110 1065 3154 120,
1092 3111 1125 3155 3,
1152 3109 1278 3155 Quint.
1305 3111 1396 3146 Inst.
1424 3122 1476 3145 or.
1503 3109 1539 3145 V
1567 3110 1622 3155 14,
1649 3111 1692 3145 25
1720 3110 1766 3145 al.
