2138 3438
970 154 1026 158 .-
1088 131 1144 171 34
1210 153 1260 158 -.
2092 115 2128 164 ,χ’

207 271 321 313 Item
354 274 507 324 postea
539 270 728 324 scriptor
754 269 811 312 ad
835 265 1044 313 σπουδαῖα
1069 271 1166 317 τοὺς
1190 271 1371 324 τρόπους
1391 270 1528 313 adicit
1558 274 1613 315 ἔτι
1630 275 1770 327 μέντοι
1800 271 2024 329 Ἑλληνικά.

208 341 274 384 Α1
305 343 422 384 6111111
449 346 492 384 61
520 341 652 384 11111115
684 342 910 396 scriptoris
937 341 1155 384 sententia
1187 343 1406 398 βάρβαρος
1431 346 1475 384 61
1507 342 1704 386 abiectus
1731 343 1847 386 idem
1878 343 2026 387 valere

208 414 429 456 videntur:
475 413 552 455 sed
582 427 685 468 non,
729 413 803 467 qui
834 412 977 455 malus
1023 416 1154 466 atque
1200 412 1405 466 incultus,
1447 416 1667 471 βάρβαρος
1706 419 1783 468 est,
1827 414 1917 469 sed,
1949 414 2026 468 qui

209 487 439 541 βάρβαρος,
464 484 673 527 abiectus.
712 484 985 527 Concludere
1016 483 1121 526 licet
1147 499 1246 526 eum
1265 483 1521 527 Aristotelis
1546 500 1665 528 more
1692 486 1737 528 id
1764 485 2026 528 vocabulum

210 570 438 610 usurpare.
490 555 539 599 Si
591 556 763 607 deinde,
804 569 915 609 quae
966 555 1098 597 fuerit
1142 554 1329 598 aliorum
1377 555 1740 611 philosophorum
1785 558 1837 599 de
1882 571 1934 599 ea
1978 571 2024 600 re

211 628 444 679 sententia,
478 628 741 681 quaerimus,
783 627 1063 681 perspicuum
1096 641 1189 668 esse
1221 626 1396 670 videtur
1427 627 1611 670 alteram
1648 628 2028 684 significationem,

212 713 324 753 quae
355 698 551 741 moribus
584 702 628 740 et
665 698 909 740 eruditione
943 697 1161 750 definitur,
1208 697 1398 752 Cynicae
1437 702 1480 741 et
1512 698 1687 742 Stoicae
1720 700 2026 755 philosophiae

210 770 398 812 maxime
431 770 708 823 respondere,
741 783 926 823 quorum
965 770 1183 812 sententia
1214 769 1325 811 nihil
1356 770 1470 812 inter
1500 770 1698 813 homines
1731 771 1916 824 intersit,
1948 770 2028 813 sed

213 854 364 882 omnes
405 854 545 894 aequo
590 841 720 882 modo
764 840 869 882 solis
901 854 923 882 e
968 841 1163 883 moribus
1208 841 1470 883 iudicentur.
1516 842 1664 897 Quare
1696 841 2026 884 Ps.-Plutarchi

212 916 495 966 praeceptum
526 911 610 953 hoc
652 912 829 965 quidem
859 911 956 953 loco
990 912 1053 953 ad
1083 915 1304 954 veterem
1338 911 1514 954 Stoam
1544 913 1752 955 minime
1786 911 2028 967 quadrat,

214 983 302 1024 sed
328 982 407 1025 vel
432 982 804 1025 Aristotelicis
831 982 909 1024 vel
936 997 1098 1034 eorum,
1125 983 1200 1037 qui
1221 983 1436 1025 autillum
1451 986 1528 1025 aut
1553 984 2027 1028 communesnotio·

213 1069 301 1096 nes
334 1054 595 1108 pristinae
629 1054 821 1096 aetatis
855 1054 994 1096 secuti
1026 1058 1141 1106 sunt,
1176 1054 1458 1108 opinionibus
1491 1054 1677 1097 similius
1709 1059 1786 1098 est.
1828 1054 2029 1110 Quocum

214 1126 432 1168 consentit
476 1125 702 1179 scriptoris
748 1125 800 1167 de
845 1139 1067 1167 servorum
1113 1126 1371 1168 condicione
1404 1126 1635 1179 iudicium;
1679 1141 1782 1169 nam
1815 1141 1913 1169 cum
1945 1125 2029 1169 4A

214 1197 454 1251 coniungat
484 1196 616 1239 verba
654 1198 939 1251 ἀνδραπόδοις
971 1200 997 1252 ἢ
1028 1199 1263 1253 βαρβάροις
1293 1201 1319 1252 ἥ
1350 1199 1636 1252 παλιμβόλοις,
1666 1211 1766 1240 611111
1797 1212 1944 1242 servos
1977 1212 2056 1240 ac
2107 1189 2112 1194 ’

213 1267 427 1310 barbaros
453 1268 584 1321 aequi
609 1268 842 1310 aestimare
870 1268 1076 1321 sequitur.
1107 1267 1212 1310 Non
1239 1268 1353 1310 enim
1379 1282 1434 1311 ne
1460 1269 1586 1322 pueri
1611 1283 1709 1311 cum
1734 1269 1863 1312 malis
1896 1270 2030 1312 servis
2056 1296 2057 1299 =

215 1344 539 1391 conversentur,
583 1339 659 1382 sed
695 1344 746 1382 ut
789 1339 963 1381 omnino
997 1354 1023 1381 a
1068 1340 1202 1382 servis
1247 1339 1547 1392 cohibeantur,
1592 1340 1676 1382 hoc
1723 1341 1901 1395 quidem
1931 1340 2030 1384 loco

213 1414 373 1454 monet.
407 1410 687 1454 Simillimum
718 1410 974 1453 Aristotelis
1007 1415 1290 1465 praeceptum
1323 1415 1390 1453 est
1420 1411 1518 1453 Pol.
1547 1413 1702 1454 1336a
1735 1414 1791 1455 40
1824 1413 1946 1460 ὅπως
1971 1414 2032 1456 ὅτι

214 1485 359 1537 ἥκιστα
390 1484 492 1538 μετὰ
524 1484 694 1525 δούλων
724 1485 834 1525 ἔσται
867 1482 931 1536 (τὰ
961 1483 1123 1538 παιδία)
1146 1517 1152 1525 .
1176 1515 1183 1524 .
1205 1516 1214 1524 .
1236 1516 1244 1524 .
1276 1484 1450 1538 εὔλογον
1476 1483 1812 1538 οὗν”ἅπολαβεῖν
1836 1484 1922 1526 ἀπὸ
1944 1489 2032 1527 τῶν

215 1555 497 1608 ἀκουσμάτων
529 1555 598 1596 καὶ
628 1558 714 1595 τῶν
745 1554 975 1609 ὁραμάτων
1007 1555 1301 1608 ἀνελευθερίαν
1338 1556 1408 1597 καὶ
1445 1555 1669 1602 τοιούτους.
1707 1580 1758 1585 —
1791 1554 1847 1596 In
1891 1553 2031 1598 altero

216 1629 467 1679 praecepto,
520 1625 639 1679 quod
680 1624 738 1666 ad
789 1624 963 1666 dicendi
1013 1639 1140 1667 usum
1192 1628 1375 1679 spectat,
1440 1624 1745 1680 Quintilianus
1796 1627 2034 1681 praecipue

217 1696 540 1750 comparandus
581 1699 660 1748 est,
707 1695 782 1749 qui
814 1695 914 1749 plus
958 1710 1044 1737 uno
1077 1695 1174 1738 loco
1219 1699 1336 1738 recte
1382 1696 1558 1738 dicendi
1595 1697 1956 1739 consuetudinem
1986 1697 2034 1739 in

217 1769 434 1820 omnibus,
480 1768 555 1822 qui
588 1767 705 1809 circa
749 1781 908 1820 pueros
941 1771 1054 1818 sunt,
1090 1767 1235 1822 exigit,
1276 1767 1384 1821 quin
1416 1768 1550 1809 etiam
1581 1771 1720 1810 totam
1751 1767 1841 1810 fere
1875 1768 2035 1810 educa-

216 1840 380 1882 tionem
401 1840 440 1881 ei
459 1842 695 1893 praecepto
717 1839 845 1892 quasi
865 1838 1039 1890 subicit,
1061 1839 1224 1894 quippe
1252 1839 1327 1893 qui
1354 1842 1572 1881 oratorem
1599 1840 1811 1894 optimum
1837 1839 2035 1881 futurum

218 1911 433 1952 instituat.
476 1910 702 1963 Praecipit
744 1909 852 1951 Inst.
898 1923 957 1951 or.
989 1910 1014 1951 I
1049 1911 1086 1960 1,
1118 1911 1144 1951 4
1180 1910 1231 1951 de
1275 1909 1522 1952 nutricibus
1565 1915 1665 1953 ante
1708 1911 1858 1954 omnia
1894 1924 1948 1953 ne
1978 1911 2036 1953 sit

217 1983 400 2024 vitiosus
443 1995 589 2032 sermo,
636 1980 741 2022 ibid.
787 1982 811 2022 6
846 1980 897 2022 (16
930 1980 1204 2035 parentibus,
1252 1983 1276 2023 8
1323 1981 1377 2023 (16
1422 1980 1620 2023 servulis.
1677 1980 1819 2036 Quem
1864 1982 1909 2023 in
1952 1981 2036 2024 hoc

217 2056 451 2107 praecepto
498 2052 550 2093 de
594 2050 856 2106 Chrysippo,
913 2065 1043 2107 quem
1092 2052 1116 2093 I
1151 2056 1188 2104 1,
1233 2053 1262 2094 4
1304 2051 1471 2104 laudat,
1530 2067 1616 2095 non
1665 2053 1856 2106 pendere
1904 2051 2036 2095 facile

217 2124 406 2178 probatu
450 2127 528 2174 est,
574 2123 704 2164 immo
738 2122 1033 2177 Chrysippum
1078 2123 1294 2166 eiusmodi
1337 2126 1620 2178 praeceptum
1651 2138 1741 2165 non
1778 2123 2028 2167 exhibuisse

219 2198 419 2249 apparet.
481 2195 598 2237 Nam
649 2192 950 2248 Quintilianus
999 2195 1024 2236 I
1070 2197 1108 2245 1,
1152 2196 1192 2246 4,
1244 2199 1479 2249 postquam
1524 2193 1643 2237 1111115
1685 2194 1938 2250 philosophi
1982 2195 2036 2238 de

218 2267 440 2309 nutricum
470 2265 665 2307 moribus
697 2264 830 2307 verba
860 2264 1073 2318 laudavit,
1105 2267 1250 2320 pergit
1282 2270 1320 2309 et
1350 2280 1524 2309 morum
1556 2267 1730 2322 quidem
1755 2268 1806 2309 in
1824 2267 1893 2309 his
1918 2267 2040 2310 haud

219 2340 347 2381 dubie
386 2339 515 2393 prior
558 2337 670 2379 ratio
720 2340 791 2391 est,
838 2340 944 2379 reete
993 2340 1136 2379 tamen
1181 2338 1310 2379 etiam
1353 2338 1600 2393 loquantur.
1661 2337 1899 2380 Praeterea
1946 2337 2038 2381 tale

219 2413 504 2464 praeceptum
548 2407 603 2450 ab
649 2407 768 2449 illius
800 2407 1054 2462 philosophi
1091 2408 1237 2450 animo
1284 2408 1476 2450 alienum
1508 2409 1693 2462 videtur,
1726 2409 1802 2463 qui
1832 2409 2038 2452 virtutem

222 2495 271 2522 ac
317 2480 580 2534 sapientiam
625 2482 703 2521 aut
747 2478 885 2521 solam
930 2482 1007 2520 aut
1049 2483 1151 2521 ante
1196 2479 1341 2521 omnia
1385 2479 1609 2535 spectetl).
1659 2480 1728 2521 De
1773 2479 2039 2536 Quintiliani

219 2551 418 2594 fontibus
462 2564 579 2592 nunc
625 2551 924 2605 quaerendum
963 2564 1054 2592 non
1099 2554 1182 2593 est:
1229 2551 1274 2592 id
1317 2554 1464 2592 tamen
1508 2555 1674 2593 certum
1718 2565 1812 2593 esse
1855 2551 2039 2601 videtur,

220 2626 472 2677 praecepta,
522 2636 636 2675 quae
682 2621 739 2663 ad
783 2621 1079 2675 eloquentiam
1122 2622 1357 2676 pertinent,
1403 2622 1538 2663 veteri
1576 2621 1710 2665 Stoae
1756 2621 2041 2664 attribuenda

221 2708 310 2736 non
354 2707 462 2735 esse.
528 2691 616 2735 Sed
661 2693 765 2734 item
806 2693 1045 2735 concedere
1090 2697 1265 2747 oportet
1301 2692 1628 2735 Ps.-Plutarchi
1659 2692 1792 2735 verba
1822 2693 1916 2735 sine
1947 2693 2041 2736 ulla

223 2764 580 2819 comprobatione
613 2763 751 2805 effusa
785 2767 918 2818 atque
943 2778 1034 2806 rem
1059 2764 1200 2818 magis
1240 2763 1575 2806 subumbrantia
1603 2777 1735 2818 quam
1773 2763 2041 2818 explicantia

366 2894 392 2938 1)
419 2893 537 2928 Stoici
564 2894 676 2939 enim,
715 2905 942 2939 quamquam
982 2895 1051 2928 arti
1090 2895 1300 2929 rhetoricae
1338 2905 1484 2939 semper
1510 2894 1714 2929 studebant
1738 2893 1803 2938 (cf.
1830 2906 1863 2929 v.
1890 2893 2040 2936 Arnim,

223 2953 350 2987 Leben
375 2965 410 2988 u.
433 2953 492 2987 W.
514 2953 549 2987 d.
571 2953 642 2987 Dio
669 2965 703 2988 v.
723 2953 783 2987 Pr.
803 2965 839 2998 p.
861 2954 1027 2999 77—80),
1054 2956 1119 2988 aut
1139 2954 1177 2987 in
1202 2965 1305 2988 mera
1330 2953 1421 2988 artis
1447 2953 1619 2988 doctrina
1644 2953 1769 2988 inutili
1794 2952 2042 2988 versabantur

223 3015 288 3046 aut
314 3012 463 3046 dicendi
491 3015 608 3047 artem
639 3013 862 3057 „sapientis“
888 3012 1050 3047 hominis
1082 3013 1195 3048 solius
1221 3012 1387 3048 officium
1415 3012 1680 3059 depingebant.
1707 3012 1816 3058 Quod
1841 3014 2041 3057 utrumque

224 3071 321 3116 apud
367 3071 690 3106 Ps.-Plutarchum
729 3071 868 3106 frustra
911 3072 1149 3116 quaesiveris,
1194 3073 1298 3107 cuius
1339 3075 1541 3117 praecepta
1583 3071 1734 3107 dicendi
1778 3070 2039 3107 exercitationi

222 3130 452 3165 excolendae
478 3133 513 3165 et
542 3130 716 3165 dictionis
743 3130 965 3175 perfectioni
992 3131 1170 3166 serviunt.
