2138 3438
965 147 1258 188 -10-

199 288 312 341 πρὸς
344 289 389 330 δὲ
420 293 503 335 τοῖς
534 290 768 344 εἰρημένοις
799 290 1008 344 χρήσιμον
1039 306 1078 331 κ.
1097 305 1129 331 τ.
1151 290 1186 330 λ.
1230 302 1416 343 pergens
1460 289 1515 331 de
1557 289 1768 333 librorum
1806 301 1889 333 usu
1928 291 2020 347 agit

201 359 336 412 idque
368 362 469 413 post
499 359 671 401 vivendi
702 373 864 414 genera
897 359 1148 414 descripta?
1182 359 1443 414 Castigandi
1475 374 1607 415 porro
1639 362 1854 404 rationem
1887 366 2019 405 antea

203 429 484 472 tractandam
515 430 649 473 fuisse
681 445 807 473 nemo
841 430 1035 486 negabit,
1083 431 1188 485 quia
1219 430 1330 473 talia
1370 431 1588 474 educandi
1627 432 1826 475 subsidia
1861 447 2018 488 nempe
2051 419 2054 423 ’

203 502 346 556 prima
379 505 524 544 aetate
555 502 792 556 plurimum
825 502 1027 544 adhiberi
1059 501 1212 545 solent.
1245 503 1536 557 Praeceptum
1568 502 1614 560 (9
1635 503 1803 560 B-O),
1837 518 1923 558 quo
1949 518 2016 546 re-

204 573 352 615 missio
390 572 591 615 laborum
630 588 681 615 ac
721 573 964 615 studiorum
997 573 1163 628 otiique
1207 573 1322 615 vices
1361 573 1652 628 postulantur,
1694 574 1857 618 habeat
1893 589 2019 618 suum

203 644 363 697 locum;
411 648 567 687 contra
599 644 883 699 paedagogos
929 659 955 687 a
987 645 1187 699 patribus
1221 644 1454 698 diligenter
1485 646 1801 688 examinandos
1839 660 1934 689 esse
1965 661 2016 690 eo

200 715 300 758 loco
334 718 502 758 moneri
534 716 813 769 voluerimus,
859 730 945 770 quo
979 716 1032 759 de
1063 715 1243 758 illorum
1282 716 1560 759 institutione
1593 717 1759 760 dictum
1791 721 1871 760 est.
1922 718 2015 760 Me-

202 788 386 829 moriam
411 801 511 829 vero
539 787 824 830 excolendam
849 801 942 830 esse
966 801 1042 829 cur
1069 788 1256 842 scriptor
1281 787 1365 830 hoc
1391 788 1489 831 loco
1517 789 1557 841 (9
1572 787 1732 846 E—F)
1757 790 2016 844 praecipiat,

199 873 381 901 causam
405 859 595 912 reperire
623 858 866 913 desperavi.
900 861 925 901 9
947 859 982 901 F
1015 858 1218 914 legimus:
1252 860 1337 902 Καὶ
1366 861 1506 914 μέντοι
1531 861 1611 902 καὶ
1634 865 1706 915 τῆς
1730 861 2018 917 αἰσχρολογίας

202 933 412 973 ἀπακτέον
429 931 526 977 τοὺς
545 933 660 976 υἱεῖςε
690 945 776 984 qua
797 930 886 972 alia
905 943 952 971 re
970 929 1234 984 prohibendi
1254 929 1411 974 erant?
1446 929 1722 985 Quamquam
1746 932 1793 973 in
1818 934 2018 987 sequenti

198 1002 346 1055 capite
377 1002 500 1043 varia
533 1005 848 1043 coacervantur
881 1003 956 1056 (10
977 1001 1137 1044 A—-ll
1163 1001 1231 1057 O),
1263 1005 1410 1044 tamen
1442 1006 1679 1056 praecepto
1711 1003 1909 1046 veritatis
1941 1018 2014 1058 ag-

198 1073 418 1128 glutinato
455 1073 587 1114 nimis
619 1073 724 1115 ordo
758 1072 975 1115 turbatur.
1029 1071 1160 1127 Quod
1200 1077 1345 1127 caput,
1390 1087 1474 1128 quo
1507 1074 1689 1115 virtutes
1733 1075 1881 1118 variae
1912 1087 2015 1118 enu-

202 1147 438 1197 merantur,
482 1148 665 1199 quartae
696 1158 841 1186 rerum
873 1144 1004 1198 parti,
1051 1158 1164 1198 quae
1198 1159 1331 1198 supra
1369 1144 1496 1186 nobis
1530 1145 1685 1197 evenit,
1729 1144 2015 1188 attribuerim.

199 1215 414 1271 Quaestio
447 1216 664 1257 amatoria
696 1215 770 1272 (11
791 1216 952 1269 DssF)
985 1230 1203 1269 nusquam
1235 1217 1343 1258 satis
1370 1220 1472 1270 apte
1498 1219 1750 1271 poneretur,
1784 1217 1886 1272 quia
1918 1231 2016 1260 cum

201 1289 357 1330 ceteris
390 1287 520 1329 rebus
551 1301 640 1329 non
675 1287 894 1339 cohaeret,
938 1291 1087 1329 tamen
1120 1302 1216 1329 eam
1248 1301 1338 1329 una
1371 1301 1470 1329 cum
1501 1301 1738 1342 puerorum
1770 1302 1853 1331 usu
1885 1293 2016 1344 atque

198 1359 518 1401 consuetudine
557 1358 782 1400 cotidiana
821 1349 1072 1400 accuratius
1117 1362 1161 1400 et
1195 1359 1363 1412 aptiore
1407 1357 1504 1401 loco
1539 1358 1848 1414 explicandam
1878 1359 2014 1402 fuisse

199 1429 508 1485 intellegimus.
543 1429 716 1472 Deinde
743 1430 930 1484 scriptor
955 1430 1028 1485 (12
1050 1428 1113 1487 A)
1142 1429 1490 1472 adulescentium
1518 1444 1651 1472 curae
1672 1444 1716 1472 se
1738 1431 1834 1484 dat;
1867 1425 2016 1474 omnia

201 1505 317 1543 recte
351 1504 607 1556 sequuntur,
642 1515 909 1555 quamquam
936 1501 1125 1543 docendi
1149 1501 1411 1555 virtutisque
1438 1500 1695 1544 efficiendae
1726 1503 2017 1545 instrumenta

201 1573 273 1628 (12
297 1572 350 1629 O)
397 1572 455 1614 ad
499 1587 737 1627 puerorum
783 1586 956 1627 quoque
1003 1576 1194 1615 aetatem
1231 1573 1463 1627 pertinent.
1514 1572 1578 1614 At
1613 1573 1730 1615 12D
1769 1574 1927 1615 iterum
1959 1573 2017 1616 ad

198 1646 352 1691 παῖδας
372 1643 597 1696 relabitur,
620 1644 796 1696 oblitus,
824 1649 873 1686 ut
898 1645 1082 1696 videtur,
1111 1658 1155 1686 se
1181 1645 1267 1686 iam
1297 1646 1490 1699 μειράκια
1509 1648 1721 1697 tractare;
1750 1659 2016 1699 quamquam

199 1716 441 1757 concedere
469 1719 643 1769 oportet
668 1729 767 1757 eum
793 1720 1075 1770 praeceptum
1097 1716 1215 1771 quod
1235 1716 1435 1769 sequitur
1460 1741 1515 1746 —
1542 1715 1741 1758 homines
1760 1715 1865 1758 mali
1884 1719 2016 1771 atque

199 1787 414 1841 imprimis
460 1787 764 1829 adsentatores
809 1801 834 1829 a
877 1786 1028 1829 liberis
1074 1791 1382 1829 removeantur
1426 1813 1482 1817 —
1527 1786 1610 1828 hoc
1646 1786 1744 1829 loco
1783 1787 1923 1842 magis
1962 1786 2014 1830 de

201 1858 557 1901 adulescentibus
589 1858 786 1913 proferre
818 1858 942 1908 velle,
974 1859 1088 1900 sicut
1117 1863 1273 1913 postea
1306 1858 1550 1913 explicatur
1579 1857 1656 1914 (13
1677 1857 1851 1915 A—O).
1883 1858 2021 1901 Prae·⁴
2048 1853 2052 1857 ¹

197 1934 328 1984 cepta
361 1930 658 1984 Pythagorica
690 1930 797 1972 alibi
827 1930 968 1985 magis
1002 1930 1217 1983 quadrent
1243 1934 1373 1984 atque
1401 1929 1500 1971 aliis
1532 1943 1686 1984 nempe
1711 1929 1855 1972 verbis
1886 1929 2014 1971 indu-

197 2001 340 2043 cenda
373 2005 499 2043 erant
524 2027 581 2032 —
608 2002 670 2042 ita
696 2001 802 2043 fere:
841 2001 1023 2058 „Neque
1051 2002 1240 2043 virorum
1267 2001 1531 2056 sapientium
1552 2005 1629 2043 aut
1646 2005 1874 2055 poetarum
1895 2000 2014 2044 dicta

201 2086 252 2115 ac
290 2077 528 2126 praecepta
574 2072 631 2114 ad
669 2072 840 2114 virtutis
886 2072 1078 2114 studium
1111 2072 1286 2114 inutilia
1319 2077 1431 2126 sunt,
1476 2073 1590 2114 sicut
1619 2072 1900 2127 Pythagorae
1937 2071 2015 2115 illa

197 2144 463 2199 aenigmata,
498 2143 744 2197 quibus...
777 2143 953 2185 edocuit
985 2148 1091 2185 etc.“
1127 2170 1196 2196 —,
1228 2148 1343 2185 certe
1377 2143 1574 2198 intellegi
1604 2157 1692 2185 non
1718 2147 1876 2198 potest,
1908 2158 2014 2198 quo-

198 2215 328 2257 modo
367 2221 577 2258 τοῦτο...
609 2216 678 2258 καὶ
711 2215 975 2269 Πυθαγόρας
1012 2217 1243 2270 αἰνίγμασιν
1283 2216 1356 2268 (12
1378 2215 1442 2271 D)
1479 2215 1768 2269 praeceperit,
1815 2229 1913 2258 cum
1953 2215 2012 2267 id,

198 2287 253 2329 de
287 2301 372 2341 quo
404 2286 489 2328 hoc
521 2285 618 2328 loco
652 2286 852 2340 quaestio
886 2290 961 2338 est,
995 2285 1090 2328 solo
1121 2286 1261 2340 primo
1290 2286 1535 2340 aenigmate
1563 2285 1817 2327 illustretur.
1851 2286 2015 2341 Capita

195 2358 427 2412 sequentia
472 2357 546 2415 (13
567 2357 733 2414 A—F)
770 2371 923 2399 revera
962 2358 1020 2399 ad
1053 2356 1400 2399 adulescentiam
1434 2361 1648 2411 spectant.
1695 2356 1862 2399 Contra
1894 2357 2013 2411 quod

197 2430 336 2484 patris
373 2429 576 2471 virtutem
614 2428 765 2471 liberis
810 2428 1055 2482 exemplum
1100 2441 1195 2470 esse
1235 2428 1393 2470 debere
1439 2428 1484 2469 in
1520 2427 1605 2469 fine
1642 2427 1745 2469 libri
1775 2428 2011 2482 profertur,

200 2515 328 2555 aegre
361 2500 538 2542 ferimus
571 2504 724 2554 utpote
758 2500 802 2541 in
834 2515 893 2552 re,
929 2501 1041 2554 quae
1077 2499 1195 2554 apud
1225 2513 1385 2553 pueros
1417 2513 1506 2541 non
1532 2499 1674 2541 minus
1699 2498 1863 2541 valeat:
1897 2504 2012 2542 certe

197 2577 431 2626 postquam
475 2571 555 2613 filii
598 2572 865 2614 matrimonii
902 2570 1087 2613 vinculis
1127 2571 1353 2613 constricti
1392 2575 1494 2612 sunt
1531 2571 1603 2624 (13
1624 2570 1694 2627 F),
1738 2570 1848 2612 illud
1885 2585 2011 2626 prae—

199 2648 372 2698 ceptum
394 2643 711 2685 subridiculum
733 2647 808 2686 est.
828 2642 1121 2685 Educationis
1142 2642 1330 2696 denique
1351 2641 1526 2683 laudem
1547 2646 1590 2683 et
1607 2646 1838 2696 parentum
1860 2643 2011 2684 cohor-

197 2715 410 2757 tationem
438 2715 589 2756 iterari
622 2714 696 2769 (14
718 2714 776 2768 B)
805 2728 911 2756 sane
939 2713 1233 2756 conclusionis
1265 2713 1428 2755 rationi
1460 2713 1708 2767 respondet.
1745 2714 2011 2768 Priusquam

199 2790 356 2838 autem,
384 2799 496 2840 quae
522 2790 774 2837 evenerunt,
803 2785 1084 2840 explicamus,
1114 2785 1365 2827 adiciantur
1389 2783 1603 2826 nonnulla
1633 2784 1765 2826 vitia
1796 2785 2009 2835 minora,

196 2872 311 2911 quae
356 2861 458 2898 sunt
501 2857 546 2898 in
584 2857 714 2899 rebus
751 2871 841 2898 non
874 2857 980 2898 satis
1018 2856 1085 2898 vel
1121 2856 1296 2898 omnino
1328 2869 1418 2898 non
1450 2855 1675 2909 expositis:
1722 2856 1806 2898 2F
1846 2856 2010 2899 dictum

195 2927 401 2970 Thessali
432 2928 641 2981 hominis,
673 2928 889 2981 Diogenis
923 2930 946 2969 5
971 2927 1019 2979 O,
1066 2927 1337 2982 comparatio
1383 2929 1410 2968 4
1430 2927 1470 2969 B
1505 2928 1675 2981 οἷόσπερ
1707 2928 1760 2982 ἦν
1793 2930 1816 2970 ὁ
1853 2929 2010 2977 Φοῖνιξ,

198 2999 331 3041 verba
364 3000 388 3041 8
410 2999 449 3040 Β
482 3001 586 3042 κατὰ
617 3000 662 3042 τὸ
695 3001 957 3055 γεωργῶδες,
991 2998 1091 3041 alia.

342 3069 466 3124 Quae
500 3070 536 3111 si
571 3071 717 3112 omnia
749 3070 1080 3124 complectimur
1106 3074 1149 3112 et
1174 3084 1318 3112 rerum
1344 3069 1675 3123 dispositionem
1701 3084 1832 3124 supra
1858 3069 2010 3112 adum-

196 3140 370 3183 bratam
387 3140 657 3192 adhibemus,
677 3141 828 3195 negari
846 3155 935 3183 non
955 3145 1101 3195 potest
1119 3142 1378 3196 scriptorem
1399 3140 1638 3183 secundum
1657 3140 1779 3183 illam
1798 3155 2010 3195 normam,
