2138 3438
937 126 1233 168 -42ῌ

176 267 244 319 sit,
276 267 468 322 exponit,
512 268 642 310 immo
674 266 764 322 ubi,
797 271 945 310 utrum
977 281 1040 320 ea,
1077 281 1190 322 quae
1224 272 1465 322 enumerat,
1511 268 1678 325 ‚7bona“
1716 269 1804 311 sint
1845 283 1996 335 necne,

177 337 421 381 diiudicat?
452 339 588 381 Initio
616 338 816 381 declarat
846 340 894 382 τὰ
920 340 998 394 μὲν
1031 340 1134 382 ἄλλα
1166 343 1252 381 τῶν
1284 341 1463 395 ἀγαθῶν
1489 341 1740 395 ἀνθρώπινα
1772 342 1842 384 καὶ
1865 343 1996 396 μικρὰ

177 411 248 451 καὶ
279 412 360 452 οὐκ
403 411 757 459 ἀξιοσπούδασταῑ
802 413 951 452 utrum
996 410 1132 464 igitur
1177 413 1280 451 sunt
1310 408 1440 464 bona,
1484 411 1682 466 quamvis
1713 412 1897 464 minora,
1938 426 1996 454 an

173 495 263 522 non
309 485 423 534 sunt,
470 482 576 536 quia
606 496 687 536 pro
713 481 853 523 nihilo
886 480 1124 523 habenda?
1158 480 1283 535 Quae
1318 481 1370 523 de
1417 481 1604 536 singulis
1635 482 1811 524 laudat:
1851 485 1993 536 καλόν,

174 555 319 608 τίμιον,
349 554 515 609 σεμνόν,
548 556 845 608 περιμάχητον,
878 553 1077 607 ζηλωτόν,
1115 566 1204 594 11011
1248 552 1392 595 solum
1436 566 1511 595 eas
1542 567 1612 595 res
1650 553 1705 595 ab
1742 553 1995 596 hominibus

177 624 356 678 plurimi
395 623 491 666 fieri
534 624 748 675 indicant,
794 623 872 664 sed
916 623 1049 665 etiam
1103 623 1331 678 scriptoris
1373 624 1724 666 aestimationem
1768 639 1820 667 ex
1867 628 1994 679 parte

175 696 438 749 exprimunt.
485 695 640 738 Talem
683 695 933 750 opinionem
978 695 1024 736 in
1070 708 1116 737 re
1159 695 1352 737 maxima
1395 698 1486 737 tam
1531 695 1710 737 dubiam
1746 700 1791 738 et
1820 700 1994 738 tantum

175 781 273 809 cum
323 766 578 809 notionibus
628 764 884 820 vulgaribus
935 779 1197 808 consensum
1247 781 1273 808 a
1324 766 1476 809 Stoica
1524 767 1694 809 ratione
1741 766 1995 822 longissime

178 838 487 880 removendum
532 851 627 880 esse
673 837 947 880 crediderim.
990 838 1130 881 Stoici
1173 837 1428 892 philosophi
1471 842 1566 880 erat
1601 838 1738 880 falsas
1768 837 1995 881 hominum

176 910 404 963 opiniones
447 910 706 964 impugnare
752 913 795 951 et
839 908 1032 951 refutare
1077 913 1121 951 et
1164 923 1239 951 eas
1271 923 1342 951 res
1391 909 1508 951 bona
1550 924 1639 952 non
1683 923 1777 952 esse
1817 910 1994 952 demon-

174 985 331 1023 strare:
365 982 577 1037 ἀδιάφορα
610 994 704 1022 esse
737 984 780 1022 et
813 980 906 1022 solo
951 983 1071 1022 recto
1103 995 1187 1022 usu
1231 980 1403 1034 aliquid
1433 980 1635 1034 valere1).
1699 979 1995 1035 Quamobrem

173 1051 399 1106 Dyroffius
431 1066 520 1094 non
552 1056 670 1094 recte
715 1051 934 1094 iudicasse
968 1052 1077 1093 mihi
1110 1051 1298 1103 videtur,
1345 1066 1443 1101 cum
1479 1051 1611 1093 huius
1643 1051 1801 1106 capitis
1831 1054 1994 1093 tracta-

173 1124 339 1165 tionem
371 1124 508 1165 veteri
540 1122 673 1166 Stoae
705 1123 912 1166 vindicat.
978 1123 1136 1178 Neque
1168 1123 1284 1165 enim
1318 1122 1552 1178 Chrysippi
1584 1122 1816 1174 sententia,
1861 1136 1995 1176 quam

173 1195 444 1237 Plutarchus
475 1196 544 1237 De
591 1194 726 1238 Stoic.
769 1208 858 1249 rep.
900 1194 1066 1236 1034ss
1099 1194 1297 1247 tradidit,
1340 1194 1412 1236 hic
1446 1194 1649 1236 adhiberi
1684 1197 1847 1248 potest:
1881 1197 1994 1238 οὕτω

177 1269 441 1322 ῥητορεύσειν
472 1268 542 1309 καὶ
572 1268 887 1310 πολιτεύσεσθαι
917 1268 987 1309 τὸν
1018 1268 1153 1321 σοφὸν
1185 1268 1246 1312 ὡς
1278 1268 1348 1309 καὶ
1372 1272 1445 1309 τοῦ
1470 1267 1654 1309 πλούτου
1681 1267 1803 1313 ὄντος
1827 1265 2010 1321 ἀγαθοῦ

174 1340 244 1380 καὶ
286 1345 356 1394 τῆς
401 1340 527 1394 δόξης
570 1340 640 1381 καὶ
678 1344 749 1393 τῆς
792 1340 956 1392 ὑγιείας.
1003 1338 1284 1393 Quamquam
1329 1338 1365 1379 is
1411 1337 1629 1380 sentiendi
1672 1351 1725 1379 ac
1767 1337 1994 1379 tractandi

174 1409 344 1462 modus,
377 1424 462 1464 quo
509 1413 659 1452 orator
700 1410 853 1460 utitur,
899 1409 939 1451 ei
979 1423 1156 1463 quoque
1197 1407 1382 1450 attribui
1411 1412 1571 1463 potest,
1602 1409 1678 1462 qui
1710 1408 1768 1450 ad
1798 1407 1993 1463 philoso-

173 1481 324 1535 phiam
369 1481 585 1523 deducere
629 1480 736 1532 vult,
781 1484 930 1522 tamen
973 1481 1058 1523 hoc
1103 1480 1201 1522 1000
1248 1495 1273 1522 a
1318 1480 1531 1534 scriptore
1573 1480 1666 1522 sine
1712 1480 1845 1522 dubio
1887 1493 1992 1522 vera

175 1552 426 1594 Stoicorum
459 1552 660 1594 doctrina
705 1552 987 1606 explananda
1019 1556 1063 1593 et
1094 1551 1299 1606 vulgares
1322 1558 1500 1593 *errores
1531 1551 1730 1593 funditus
1761 1550 1994 1593 refellendi

174 1627 312 1677 erant,
358 1624 394 1665 si
436 1637 590 1666 revera
634 1623 693 1665 ad
735 1623 1043 1680 philosophiae
1087 1624 1113 1666 i.
1148 1637 1183 1665 e.
1231 1623 1481 1666 Stoicorum
1525 1622 1754 1665 doctrinae
1797 1622 1993 1664 studium

175 1695 403 1737 adhortari
428 1695 652 1738 voluisset.
685 1694 853 1738 Contra
883 1695 1043 1737 veteris
1071 1694 1205 1738 Stoae
1239 1694 1285 1736 in
1314 1694 1494 1750 „bonis“
1524 1694 1809 1737 aestimandis
1836 1694 1992 1736 severi-

173 1771 311 1809 tatem
343 1753 528 1818 mediae,
573 1780 687 1820 quae
719 1770 915 1818 vocatur,
961 1765 1098 1808 Stoae
1130 1765 1420 1820 philosophos
1451 1765 1591 1808 multo
1623 1765 1766 1807 lenius
1800 1779 1850 1807 ac
1882 1764 1991 1807 libe-

172 1838 310 1880 ralius
352 1839 539 1880 sensisse
586 1841 771 1880 constat.
817 1837 907 1880 Sed
949 1841 999 1879 ut
1044 1838 1149 1892 quid
1182 1837 1382 1889 sentiam,
1429 1836 1651 1880 definiam:
1685 1837 1873 1891 scriptor
1902 1850 1992 1878 non

168 1910 305 1951 ‘unius
329 1909 640 1964 philosophiae
669 1909 916 1951 doctrinam
941 1909 1167 1963 propriam
1194 1908 1414 1961 exhibere,
1441 1908 1519 1950 sed
1543 1906 1816 1950 undelibet
1833 1907 1992 1966 varia,

173 1983 457 2035 praecipue
492 1981 684 2033 Stoica,
732 1980 1046 2035 compilasse
1079 1980 1266 2033 videtur,
1299 1979 1685 2021 sententiarum
1718 1982 1866 2021 autem
1897 1979 1990 2021 eius

173 2067 365 2094 summa
390 2051 719 2106 philosophiam
744 2066 834 2093 non
861 2052 989 2105 sapit,
1019 2052 1181 2093 nedum
1203 2050 1399 2094 Stoicam
1427 2050 1685 2102 doctrinam,
1713 2050 1791 2092 sed
1814 2049 1990 2110 vulga-

173 2123 319 2166 ribus
339 2123 650 2166 notionibus
672 2123 946 2164 simillima
969 2127 1060 2164 est.
1079 2148 1136 2153 —
1157 2123 1318 2164 Restat
1336 2122 1460 2164 locus
1480 2137 1568 2164 non
1587 2121 1736 2164 facilis
1762 2121 1991 2164 intellectu

175 2198 199 2238 5
217 2195 256 2237 E
290 2196 359 2238 καὶ
391 2196 470 2238 δύο
496 2195 543 2238 τὰ
576 2197 746 2238 πάντων
771 2196 849 2237 ἐστὶ
869 2196 1102 2249 κυριώτατα
1128 2197 1173 2237 ἓν
1199 2195 1450 2248 ἀνθρωπίνῃ
1477 2195 1609 2249 φύσει,
1644 2200 1744 2241 νοῦς
1768 2194 1838 2237 καὶ
1855 2194 1988 2249 λόγος.

172 2268 241 2309 καὶ
262 2268 286 2308 ὁ
306 2267 384 2322 μὲν
409 2271 511 2314 νοῦς
534 2267 709 2321 ἀρχικός
733 2268 814 2309 ἔστι
837 2270 910 2309 τοῦ
936 2267 1079 2321 λόγου,
1106 2267 1130 2308 ὁ
1151 2266 1197 2307 δὲ
1222 2266 1347 2320 λόγος
1371 2266 1618 2321 ὑπηρετικὸς
1643 2269 1716 2307 τοῦ
1741 2271 1817 2307 νοῦ
1844 2282 1880 2307 κ.
1901 2282 1932 2307 τ.
1951 2267 1987 2308 λ.

173 2337 298 2392 Quae
330 2337 465 2379 verba
498 2337 567 2378 vix
599 2336 933 2391 inteHeguntur3
967 2351 1070 2378 nam
1102 2337 1247 2391 pergit
1272 2336 1461 2390 scriptor
1477 2337 1602 2391 λόγος
1627 2369 1636 2378 .
1664 2370 1671 2377 .
1704 2338 1917 2382 ἀνάλωτος
1943 2369 1951 2378 .
1978 2366 1988 2377 .

174 2412 452 2464 ἀναφαίρετος
480 2443 487 2450 .
514 2442 523 2450 .
569 2410 839 2463 ἀδιάφθορος
865 2440 874 2450 .
901 2442 909 2450 .
957 2410 1067 2463 γήρᾳ
1118 2410 1162 2450 δ’
1204 2409 1457 2463 ἀλύμαντος·
1506 2409 1637 2463 μόνος
1686 2409 1765 2462 γὰρ
1815 2409 1839 2449 ὁ
1887 2411 1988 2454 νοῦς

172 2481 482 2534 παλαιούμενος
533 2482 683 2536 ἀνηβᾷ.
732 2479 892 2522 Nonne
943 2479 1078 2534 igitur
1121 2479 1192 2520 hic
1237 2484 1335 2526 νοῦς
1380 2482 1424 2520 et
1471 2480 1596 2534 λόγος
1628 2468 1761 2520 ‘idem
1810 2477 1988 2520 valent?

172 2550 500 2607 Ooncludamus
533 2551 637 2593 licet
675 2551 934 2604 scriptorem
967 2565 1062 2592 eam
1105 2550 1432 2592 distinctionem
1462 2564 1552 2592 non
1586 2550 1639 2592 de
1672 2564 1750 2591 suo
1782 2549 1988 2604 proferre,

173 2622 249 2664 sed
282 2622 460 2664 aliunde
498 2622 763 2664 translatam
796 2622 939 2676 ipsum
971 2636 1058 2664 non
1092 2622 1373 2663 intellexisse.
1407 2621 1527 2676 Quid
1559 2621 1747 2675 denique
1779 2620 1864 2662 sibi
1893 2620 1989 2662 vult

173 2696 196 2736 oe
228 2696 350 2749 λόγος
377 2727 385 2735 .
413 2727 420 2735 .
453 2699 525 2736 τοῦ
552 2699 628 2736 νοῦ
656 2692 931 2749 ὑπηρετικόςΡ
964 2693 1335 2748 Wyttenbachius
1362 2707 1459 2735 eam
1486 2691 1778 2734 differentiam
1803 2691 1987 2734 eandem

172 2779 265 2807 esse
310 2765 494 2817 censuit,
542 2779 674 2820 quam
718 2765 832 2806 inter
881 2766 1143 2820 ‚7ratz'0nem“
1189 2769 1232 2806 et
1277 2764 1566 2818 „orationem“
1615 2767 1747 2817 atque
1792 2761 1987 2806 Stoicam

172 2836 296 2878 illam
316 2836 429 2878 inter
449 2837 573 2890 λόγον
593 2838 833 2879 ἐνδιάθετον
852 2839 896 2877 et
912 2837 945 2877 λ.
971 2837 1248 2891 προφορικόν.
1268 2834 1478 2877 Dubitari
1504 2835 1638 2888 igitur
1660 2838 1819 2889 potest,
1839 2837 1986 2876 utrum

172 2910 293 2963 λόγος
335 2908 408 2949 hic
452 2908 497 2948 in
543 2908 688 2949 animo
733 2908 843 2949 situs
877 2908 933 2948 sit
965 2934 1020 2937 —-
1066 2907 1110 2948 id
1157 2906 1275 2961 quod
1318 2921 1370 2948 ex
1414 2906 1491 2948 illo
1535 2906 1633 2948 loco
1673 2921 1751 2960 per
1783 2920 1828 2948 se
1861 2905 1986 2960 sequi

314 3072 340 3115 1)
369 3072 478 3116 Quod
514 3073 553 3107 in
592 3073 674 3108 aliis
712 3073 942 3118 philosophis
980 3073 1071 3108 item
1110 3073 1399 3118 exspectaveris3
1437 3078 1573 3119 χρῆσις
1607 3072 1779 3116 scriptori
1803 3082 1879 3106 non
1904 3074 1984 3106 erat

171 3133 518 3175 praetermittenda,
544 3132 681 3166 nedum
709 3132 849 3167 Stoico.

2062 85 2070 95 ’ν
2080 99 2082 101 .
2094 0 2125 101 ·!.!
2132 94 2136 102 ,ι

2072 105 2125 127 ³12¹-

2086 134 2123 178 {¹⁷2

2091 179 2116 203 ,ᾗ
