<?xml version="1.0" encoding="UTF-8"?>
<!DOCTYPE html PUBLIC "-//W3C//DTD XHTML 1.0 Transitional//EN"
    "http://www.w3.org/TR/xhtml1/DTD/xhtml1-transitional.dtd">
<html xmlns="http://www.w3.org/1999/xhtml" xml:lang="en" lang="en">
 <head>
  <title>
</title>
<meta http-equiv="Content-Type" content="text/html;charset=utf-8" />
  <meta name='ocr-system' content='tesseract 3.04.00' />
  <meta name='ocr-capabilities' content='ocr_page ocr_carea ocr_par ocr_line ocrx_word'/>
</head>
<body>
  <div class='ocr_page' id='page_1' title='image "./depseudoplutarch00glaeuoft_0022.png"; bbox 0 0 2138 3438; ppageno 0'>
   <div class='ocr_carea' id='block_1_1' title="bbox 959 128 1252 169">
    <p class='ocr_par' dir='ltr' id='par_1_1' title="bbox 959 128 1252 169">
     <span class='ocr_line' id='line_1_1' title="bbox 959 128 1252 169; baseline 0.02 -5"><span class='ocrx_word' id='word_1_1' title='bbox 959 128 1252 169; x_wconf 53' lang='lat' dir='ltr'><strong>v-20—</strong></span> 
     </span>
    </p>
   </div>
   <div class='ocr_carea' id='block_1_2' title="bbox 198 267 2018 1538">
    <p class='ocr_par' dir='ltr' id='par_1_2' title="bbox 198 267 2017 1110">
     <span class='ocr_line' id='line_1_2' title="bbox 200 267 2012 326; baseline 0.003 -15"><span class='ocrx_word' id='word_1_2' title='bbox 200 268 430 322; x_wconf 88' lang='lat' dir='ltr'><strong>opiniones</strong></span> <span class='ocrx_word' id='word_1_3' title='bbox 473 267 664 310; x_wconf 86' lang='lat' dir='ltr'><strong>breviter</strong></span> <span class='ocrx_word' id='word_1_4' title='bbox 706 267 1012 326; x_wconf 80' lang='lat' dir='ltr'><strong>examinare.1)</strong></span> <span class='ocrx_word' id='word_1_5' title='bbox 1061 267 1212 323; x_wconf 99' lang='lat' dir='ltr'><strong>Atque</strong></span> <span class='ocrx_word' id='word_1_6' title='bbox 1252 269 1304 310; x_wconf 90' lang='lat' dir='ltr'><strong>de</strong></span> <span class='ocrx_word' id='word_1_7' title='bbox 1344 270 1600 324; x_wconf 79' lang='lat' dir='ltr'><strong>quaestione</strong></span> <span class='ocrx_word' id='word_1_8' title='bbox 1638 285 1770 326; x_wconf 81' lang='lat' dir='ltr'><strong>saepe</strong></span> <span class='ocrx_word' id='word_1_9' title='bbox 1808 286 1860 315; x_wconf 87' lang='lat' dir='ltr'><strong>ac</strong></span> <span class='ocrx_word' id='word_1_10' title='bbox 1890 273 2012 316; x_wconf 79' lang='lat' dir='ltr'><strong>varie</strong></span> 
     </span>
     <span class='ocr_line' id='line_1_3' title="bbox 198 339 2014 395; baseline 0.003 -14"><span class='ocrx_word' id='word_1_11' title='bbox 198 343 403 388; x_wconf 86' lang='lat' dir='ltr'><strong>tractata,</strong></span> <span class='ocrx_word' id='word_1_12' title='bbox 436 353 523 393; x_wconf 90' lang='lat' dir='ltr'><strong>qua</strong></span> <span class='ocrx_word' id='word_1_13' title='bbox 553 353 659 381; x_wconf 89' lang='lat' dir='ltr'><strong>num</strong></span> <span class='ocrx_word' id='word_1_14' title='bbox 689 353 866 381; x_wconf 84' lang='lat' dir='ltr'><strong>uxorem</strong></span> <span class='ocrx_word' id='word_1_15' title='bbox 901 339 1079 382; x_wconf 86' lang='lat' dir='ltr'><strong>duceret</strong></span> <span class='ocrx_word' id='word_1_16' title='bbox 1109 340 1175 381; x_wconf 89' lang='lat' dir='ltr'><strong>vir</strong></span> <span class='ocrx_word' id='word_1_17' title='bbox 1207 340 1383 395; x_wconf 86' lang='lat' dir='ltr'><strong>sapiens</strong></span> <span class='ocrx_word' id='word_1_18' title='bbox 1414 341 1483 383; x_wconf 90' lang='lat' dir='ltr'><strong>vel</strong></span> <span class='ocrx_word' id='word_1_19' title='bbox 1515 342 1691 385; x_wconf 91' lang='lat' dir='ltr'><strong>omnino</strong></span> <span class='ocrx_word' id='word_1_20' title='bbox 1723 347 1871 386; x_wconf 88' lang='lat' dir='ltr'><strong>utrum</strong></span> <span class='ocrx_word' id='word_1_21' title='bbox 1901 347 2014 387; x_wconf 81' lang='lat' dir='ltr'><strong>uxor</strong></span> 
     </span>
     <span class='ocr_line' id='line_1_4' title="bbox 199 410 2012 470; baseline 0.003 -18"><span class='ocrx_word' id='word_1_22' title='bbox 199 410 403 452; x_wconf 88' lang='lat' dir='ltr'><strong>ducenda</strong></span> <span class='ocrx_word' id='word_1_23' title='bbox 434 414 550 452; x_wconf 86' lang='lat' dir='ltr'><strong>esset</strong></span> <span class='ocrx_word' id='word_1_24' title='bbox 579 424 718 452; x_wconf 91' lang='lat' dir='ltr'><strong>necne</strong></span> <span class='ocrx_word' id='word_1_25' title='bbox 751 411 1059 465; x_wconf 79' lang='lat' dir='ltr'><strong>quaerebatur,</strong></span> <span class='ocrx_word' id='word_1_26' title='bbox 1102 410 1174 454; x_wconf 91' lang='lat' dir='ltr'><strong>hic</strong></span> <span class='ocrx_word' id='word_1_27' title='bbox 1211 425 1300 454; x_wconf 90' lang='lat' dir='ltr'><strong>non</strong></span> <span class='ocrx_word' id='word_1_28' title='bbox 1332 417 1399 454; x_wconf 89' lang='lat' dir='ltr'><strong>est</strong></span> <span class='ocrx_word' id='word_1_29' title='bbox 1431 413 1663 468; x_wconf 89' lang='lat' dir='ltr'><strong>agendum,</strong></span> <span class='ocrx_word' id='word_1_30' title='bbox 1711 414 1788 457; x_wconf 89' lang='lat' dir='ltr'><strong>sed</strong></span> <span class='ocrx_word' id='word_1_31' title='bbox 1821 429 1934 470; x_wconf 88' lang='lat' dir='ltr'><strong>quae</strong></span> <span class='ocrx_word' id='word_1_32' title='bbox 1966 415 2012 458; x_wconf 90' lang='lat' dir='ltr'><strong>in</strong></span> 
     </span>
     <span class='ocr_line' id='line_1_5' title="bbox 198 481 2012 541; baseline 0.003 -18"><span class='ocrx_word' id='word_1_33' title='bbox 198 496 332 524; x_wconf 86' lang='lat' dir='ltr'><strong>uxore</strong></span> <span class='ocrx_word' id='word_1_34' title='bbox 357 486 407 523; x_wconf 92' lang='lat' dir='ltr'><strong>ut</strong></span> <span class='ocrx_word' id='word_1_35' title='bbox 431 481 516 523; x_wconf 86' lang='lat' dir='ltr'><strong>viri</strong></span> <span class='ocrx_word' id='word_1_36' title='bbox 542 481 753 536; x_wconf 82' lang='lat' dir='ltr'><strong>eligentes</strong></span> <span class='ocrx_word' id='word_1_37' title='bbox 779 483 1003 536; x_wconf 84' lang='lat' dir='ltr'><strong>exigerent</strong></span> <span class='ocrx_word' id='word_1_38' title='bbox 1028 481 1279 537; x_wconf 90' lang='lat' dir='ltr'><strong>philosophi</strong></span> <span class='ocrx_word' id='word_1_39' title='bbox 1306 484 1534 527; x_wconf 87' lang='lat' dir='ltr'><strong>suaserint.</strong></span> <span class='ocrx_word' id='word_1_40' title='bbox 1565 484 1830 541; x_wconf 86' lang='lat' dir='ltr'><strong>Plerumque</strong></span> <span class='ocrx_word' id='word_1_41' title='bbox 1862 500 2012 529; x_wconf 86' lang='lat' dir='ltr'><strong>earum</strong></span> 
     </span>
     <span class='ocr_line' id='line_1_6' title="bbox 199 552 2013 609; baseline 0.003 -15"><span class='ocrx_word' id='word_1_42' title='bbox 199 567 357 605; x_wconf 90' lang='lat' dir='ltr'><strong>rerum,</strong></span> <span class='ocrx_word' id='word_1_43' title='bbox 381 566 492 608; x_wconf 88' lang='lat' dir='ltr'><strong>quae</strong></span> <span class='ocrx_word' id='word_1_44' title='bbox 510 552 597 594; x_wconf 91' lang='lat' dir='ltr'><strong>huc</strong></span> <span class='ocrx_word' id='word_1_45' title='bbox 610 553 842 608; x_wconf 88' lang='lat' dir='ltr'><strong>pertinent,</strong></span> <span class='ocrx_word' id='word_1_46' title='bbox 862 552 1249 607; x_wconf 88' lang='lat' dir='ltr'><strong>pulchritudinem,</strong></span> <span class='ocrx_word' id='word_1_47' title='bbox 1278 554 1467 608; x_wconf 84' lang='lat' dir='ltr'><strong>divitias,</strong></span> <span class='ocrx_word' id='word_1_48' title='bbox 1493 555 1782 609; x_wconf 82' lang='lat' dir='ltr'><strong>nobilitatem,</strong></span> <span class='ocrx_word' id='word_1_49' title='bbox 1809 557 2013 600; x_wconf 87' lang='lat' dir='ltr'><strong>virtutem</strong></span> 
     </span>
     <span class='ocr_line' id='line_1_7' title="bbox 201 624 2014 684; baseline 0.002 -17"><span class='ocrx_word' id='word_1_50' title='bbox 201 625 312 676; x_wconf 90' lang='lat' dir='ltr'><strong>dico,</strong></span> <span class='ocrx_word' id='word_1_51' title='bbox 339 629 429 666; x_wconf 88' lang='lat' dir='ltr'><strong>tres</strong></span> <span class='ocrx_word' id='word_1_52' title='bbox 454 624 623 678; x_wconf 87' lang='lat' dir='ltr'><strong>priores</strong></span> <span class='ocrx_word' id='word_1_53' title='bbox 647 624 805 666; x_wconf 89' lang='lat' dir='ltr'><strong>virtute</strong></span> <span class='ocrx_word' id='word_1_54' title='bbox 833 624 928 666; x_wconf 89' lang='lat' dir='ltr'><strong>sola</strong></span> <span class='ocrx_word' id='word_1_55' title='bbox 958 624 1159 679; x_wconf 87' lang='lat' dir='ltr'><strong>praelata</strong></span> <span class='ocrx_word' id='word_1_56' title='bbox 1192 625 1480 680; x_wconf 88' lang='lat' dir='ltr'><strong>repudiantur</strong></span> <span class='ocrx_word' id='word_1_57' title='bbox 1510 626 1584 684; x_wconf 88' lang='lat' dir='ltr'><strong>(cf.</strong></span> <span class='ocrx_word' id='word_1_58' title='bbox 1606 642 1642 670; x_wconf 90' lang='lat' dir='ltr'><strong>e.</strong></span> <span class='ocrx_word' id='word_1_59' title='bbox 1663 643 1703 683; x_wconf 88' lang='lat' dir='ltr'><strong>g.</strong></span> <span class='ocrx_word' id='word_1_60' title='bbox 1730 627 1848 671; x_wconf 93' lang='lat' dir='ltr'><strong>Plut.</strong></span> <span class='ocrx_word' id='word_1_61' title='bbox 1869 642 2014 683; x_wconf 87' lang='lat' dir='ltr'><strong>praec.</strong></span> 
     </span>
     <span class='ocr_line' id='line_1_8' title="bbox 199 694 2014 754; baseline 0.002 -16"><span class='ocrx_word' id='word_1_62' title='bbox 199 696 372 750; x_wconf 90' lang='lat' dir='ltr'><strong>coniug.</strong></span> <span class='ocrx_word' id='word_1_63' title='bbox 406 694 539 751; x_wconf 76' lang='lat'>22)2).</span> <span class='ocrx_word' id='word_1_64' title='bbox 584 695 751 737; x_wconf 79' lang='lat' dir='ltr'><strong>Tamen</strong></span> <span class='ocrx_word' id='word_1_65' title='bbox 794 710 868 737; x_wconf 87' lang='lat' dir='ltr'><strong>eos</strong></span> <span class='ocrx_word' id='word_1_66' title='bbox 904 695 1206 750; x_wconf 88' lang='lat' dir='ltr'><strong>philosophos,</strong></span> <span class='ocrx_word' id='word_1_67' title='bbox 1254 697 1328 751; x_wconf 91' lang='lat' dir='ltr'><strong>qui</strong></span> <span class='ocrx_word' id='word_1_68' title='bbox 1365 702 1545 741; x_wconf 85' lang='lat' dir='ltr'><strong>externa</strong></span> <span class='ocrx_word' id='word_1_69' title='bbox 1586 699 1758 754; x_wconf 88' lang='lat' dir='ltr'><strong>„bona“</strong></span> <span class='ocrx_word' id='word_1_70' title='bbox 1795 699 2014 753; x_wconf 87' lang='lat' dir='ltr'><strong>aliquanti</strong></span> 
     </span>
     <span class='ocr_line' id='line_1_9' title="bbox 201 766 2013 826; baseline 0.002 -16"><span class='ocrx_word' id='word_1_71' title='bbox 201 767 507 819; x_wconf 85' lang='lat' dir='ltr'><strong>aestimabant,</strong></span> <span class='ocrx_word' id='word_1_72' title='bbox 550 767 595 807; x_wconf 90' lang='lat' dir='ltr'><strong>in</strong></span> <span class='ocrx_word' id='word_1_73' title='bbox 626 780 759 809; x_wconf 85' lang='lat' dir='ltr'><strong>uxore</strong></span> <span class='ocrx_word' id='word_1_74' title='bbox 792 766 996 821; x_wconf 86' lang='lat' dir='ltr'><strong>eligenda</strong></span> <span class='ocrx_word' id='word_1_75' title='bbox 1026 767 1303 810; x_wconf 87' lang='lat' dir='ltr'><strong>nobilitatem</strong></span> <span class='ocrx_word' id='word_1_76' title='bbox 1350 783 1401 811; x_wconf 91' lang='lat' dir='ltr'><strong>ac</strong></span> <span class='ocrx_word' id='word_1_77' title='bbox 1434 769 1609 812; x_wconf 85' lang='lat' dir='ltr'><strong>divitias</strong></span> <span class='ocrx_word' id='word_1_78' title='bbox 1646 785 1736 813; x_wconf 91' lang='lat' dir='ltr'><strong>non</strong></span> <span class='ocrx_word' id='word_1_79' title='bbox 1767 770 2013 826; x_wconf 84' lang='lat' dir='ltr'><strong>neglexisse</strong></span> 
     </span>
     <span class='ocr_line' id='line_1_10' title="bbox 200 839 2013 897; baseline 0.001 -15"><span class='ocrx_word' id='word_1_80' title='bbox 200 844 541 882; x_wconf 88' lang='lat' dir='ltr'><strong>consentaneum</strong></span> <span class='ocrx_word' id='word_1_81' title='bbox 561 843 638 890; x_wconf 91' lang='lat' dir='ltr'><strong>est,</strong></span> <span class='ocrx_word' id='word_1_82' title='bbox 658 843 708 880; x_wconf 90' lang='lat' dir='ltr'><strong>ut</strong></span> <span class='ocrx_word' id='word_1_83' title='bbox 725 839 1059 894; x_wconf 82' lang='lat' dir='ltr'><strong>Peripateticos,</strong></span> <span class='ocrx_word' id='word_1_84' title='bbox 1081 854 1265 894; x_wconf 89' lang='lat' dir='ltr'><strong>quorum</strong></span> <span class='ocrx_word' id='word_1_85' title='bbox 1287 841 1516 895; x_wconf 91' lang='lat' dir='ltr'><strong>opiniones</strong></span> <span class='ocrx_word' id='word_1_86' title='bbox 1537 842 1832 897; x_wconf 80' lang='lat' dir='ltr'><strong>Theophrasti</strong></span> <span class='ocrx_word' id='word_1_87' title='bbox 1850 841 2013 884; x_wconf 90' lang='lat' dir='ltr'><strong>iudicio</strong></span> 
     </span>
     <span class='ocr_line' id='line_1_11' title="bbox 199 909 2017 968; baseline 0.002 -16"><span class='ocrx_word' id='word_1_88' title='bbox 199 910 490 953; x_wconf 86' lang='lat' dir='ltr'><strong>illustrantur:</strong></span> <span class='ocrx_word' id='word_1_89' title='bbox 525 909 780 964; x_wconf 86' lang='lat' dir='ltr'><strong>Hieronym.</strong></span> <span class='ocrx_word' id='word_1_90' title='bbox 813 910 910 952; x_wconf 82' lang='lat' dir='ltr'><strong>adV.</strong></span> <span class='ocrx_word' id='word_1_91' title='bbox 941 911 1079 954; x_wconf 82' lang='lat' dir='ltr'><strong>Iovin.</strong></span> <span class='ocrx_word' id='word_1_92' title='bbox 1116 912 1141 954; x_wconf 91' lang='lat' dir='ltr'>I</span> <span class='ocrx_word' id='word_1_93' title='bbox 1172 913 1228 954; x_wconf 81' lang='lat'><strong>47</strong></span> <span class='ocrx_word' id='word_1_94' title='bbox 1251 944 1260 953; x_wconf 90' lang='lat'><strong>.</strong></span> <span class='ocrx_word' id='word_1_95' title='bbox 1282 945 1290 954; x_wconf 94' lang='lat'>.</span> <span class='ocrx_word' id='word_1_96' title='bbox 1315 944 1324 954; x_wconf 93' lang='lat'>.</span> <span class='ocrx_word' id='word_1_97' title='bbox 1349 913 1392 954; x_wconf 76' lang='lat' dir='ltr'><strong>si</strong></span> <span class='ocrx_word' id='word_1_98' title='bbox 1408 913 1609 968; x_wconf 75' lang='lat' dir='ltr'><strong>pulchra,</strong></span> <span class='ocrx_word' id='word_1_99' title='bbox 1638 915 1680 956; x_wconf 78' lang='lat' dir='ltr'><strong>si</strong></span> <span class='ocrx_word' id='word_1_100' title='bbox 1705 915 1807 956; x_wconf 83' lang='lat' dir='ltr'><strong>bene</strong></span> <span class='ocrx_word' id='word_1_101' title='bbox 1830 917 2017 968; x_wconf 82' lang='lat' dir='ltr'><strong>morata,</strong></span> 
     </span>
     <span class='ocr_line' id='line_1_12' title="bbox 198 982 2015 1040; baseline 0.002 -16"><span class='ocrx_word' id='word_1_102' title='bbox 198 983 241 1024; x_wconf 78' lang='lat' dir='ltr'><strong>si</strong></span> <span class='ocrx_word' id='word_1_103' title='bbox 270 982 459 1024; x_wconf 74' lang='lat' dir='ltr'><strong>honestis</strong></span> <span class='ocrx_word' id='word_1_104' title='bbox 483 982 747 1037; x_wconf 74' lang='lat' dir='ltr'><strong>parentibus</strong></span> <span class='ocrx_word' id='word_1_105' title='bbox 784 984 912 1035; x_wconf 82' lang='lat' dir='ltr'><strong>(uxor</strong></span> <span class='ocrx_word' id='word_1_106' title='bbox 943 983 1042 1040; x_wconf 88' lang='lat' dir='ltr'><strong>est).</strong></span> <span class='ocrx_word' id='word_1_107' title='bbox 1087 983 1228 1026; x_wconf 91' lang='lat' dir='ltr'><strong>Immo</strong></span> <span class='ocrx_word' id='word_1_108' title='bbox 1263 984 1300 1025; x_wconf 89' lang='lat' dir='ltr'><strong>si</strong></span> <span class='ocrx_word' id='word_1_109' title='bbox 1338 984 1590 1027; x_wconf 87' lang='lat' dir='ltr'><strong>testimonia</strong></span> <span class='ocrx_word' id='word_1_110' title='bbox 1622 985 1838 1038; x_wconf 86' lang='lat' dir='ltr'><strong>deessent,</strong></span> <span class='ocrx_word' id='word_1_111' title='bbox 1884 985 1929 1027; x_wconf 91' lang='lat' dir='ltr'><strong>in</strong></span> <span class='ocrx_word' id='word_1_112' title='bbox 1961 999 2015 1028; x_wconf 91' lang='lat' dir='ltr'><strong>ea</strong></span> 
     </span>
     <span class='ocr_line' id='line_1_13' title="bbox 200 1052 1684 1110; baseline 0.002 -15"><span class='ocrx_word' id='word_1_113' title='bbox 200 1068 244 1095; x_wconf 91' lang='lat' dir='ltr'><strong>re</strong></span> <span class='ocrx_word' id='word_1_114' title='bbox 277 1053 598 1107; x_wconf 87' lang='lat' dir='ltr'><strong>Peripateticos</strong></span> <span class='ocrx_word' id='word_1_115' title='bbox 630 1058 674 1094; x_wconf 90' lang='lat' dir='ltr'><strong>et</strong></span> <span class='ocrx_word' id='word_1_116' title='bbox 706 1052 878 1096; x_wconf 88' lang='lat' dir='ltr'><strong>Stoicos</strong></span> <span class='ocrx_word' id='word_1_117' title='bbox 909 1068 996 1096; x_wconf 90' lang='lat' dir='ltr'><strong>non</strong></span> <span class='ocrx_word' id='word_1_118' title='bbox 1029 1055 1301 1097; x_wconf 83' lang='lat' dir='ltr'><strong>consensisse</strong></span> <span class='ocrx_word' id='word_1_119' title='bbox 1333 1069 1460 1098; x_wconf 92' lang='lat' dir='ltr'><strong>nemo</strong></span> <span class='ocrx_word' id='word_1_120' title='bbox 1492 1061 1684 1110; x_wconf 84' lang='lat' dir='ltr'><strong>negaret.</strong></span> 
     </span>
    </p>

    <p class='ocr_par' dir='ltr' id='par_1_3' title="bbox 199 1124 2018 1538">
     <span class='ocr_line' id='line_1_14' title="bbox 342 1124 2015 1183; baseline 0.003 -18"><span class='ocrx_word' id='word_1_121' title='bbox 342 1124 438 1166; x_wconf 87' lang='lat' dir='ltr'><strong>Iam</strong></span> <span class='ocrx_word' id='word_1_122' title='bbox 477 1124 727 1166; x_wconf 86' lang='lat' dir='ltr'><strong>accuratius</strong></span> <span class='ocrx_word' id='word_1_123' title='bbox 757 1124 1084 1168; x_wconf 88' lang='lat' dir='ltr'><strong>Ps.-Plutarchi</strong></span> <span class='ocrx_word' id='word_1_124' title='bbox 1121 1127 1340 1169; x_wconf 88' lang='lat' dir='ltr'><strong>sententia</strong></span> <span class='ocrx_word' id='word_1_125' title='bbox 1376 1127 1642 1181; x_wconf 88' lang='lat' dir='ltr'><strong>inquirenda</strong></span> <span class='ocrx_word' id='word_1_126' title='bbox 1673 1131 1750 1170; x_wconf 92' lang='lat' dir='ltr'><strong>est.</strong></span> <span class='ocrx_word' id='word_1_127' title='bbox 1811 1126 1931 1183; x_wconf 79' lang='lat' dir='ltr'><strong>Quid</strong></span> <span class='ocrx_word' id='word_1_128' title='bbox 1961 1127 2015 1170; x_wconf 89' lang='lat' dir='ltr'><strong>de</strong></span> 
     </span>
     <span class='ocr_line' id='line_1_15' title="bbox 199 1195 2016 1255; baseline 0.002 -16"><span class='ocrx_word' id='word_1_129' title='bbox 199 1198 381 1251; x_wconf 78' lang='grc' dir='ltr'><em>εὐγενείᾳ</em></span> <span class='ocrx_word' id='word_1_130' title='bbox 410 1195 588 1244; x_wconf 89' lang='lat' dir='ltr'><strong>iudicet,</strong></span> <span class='ocrx_word' id='word_1_131' title='bbox 620 1195 688 1237; x_wconf 90' lang='lat' dir='ltr'><strong>his</strong></span> <span class='ocrx_word' id='word_1_132' title='bbox 723 1195 862 1238; x_wconf 86' lang='lat' dir='ltr'><strong>verbis</strong></span> <span class='ocrx_word' id='word_1_133' title='bbox 895 1196 1174 1251; x_wconf 85' lang='lat' dir='ltr'><strong>explanatur:</strong></span> <span class='ocrx_word' id='word_1_134' title='bbox 1215 1204 1299 1245; x_wconf 85' lang='grc' dir='ltr'><strong><em>τοῖς</em></strong></span> <span class='ocrx_word' id='word_1_135' title='bbox 1331 1200 1608 1255; x_wconf 74' lang='grc' dir='ltr'><strong><em>ἐπιθυμοῦσιν</em></strong></span> <span class='ocrx_word' id='word_1_136' title='bbox 1638 1200 1828 1248; x_wconf 80' lang='grc' dir='ltr'><strong><em>ἐνδόξων</em></strong></span> <span class='ocrx_word' id='word_1_137' title='bbox 1857 1201 2016 1242; x_wconf 84' lang='grc' dir='ltr'><strong><em>τέκνων</em></strong></span> 
     </span>
     <span class='ocr_line' id='line_1_16' title="bbox 201 1268 2017 1326; baseline 0.002 -16"><span class='ocrx_word' id='word_1_138' title='bbox 201 1270 392 1323; x_wconf 73' lang='grc' dir='ltr'><strong><em>γενέσθαι</em></strong></span> <span class='ocrx_word' id='word_1_139' title='bbox 422 1269 622 1322; x_wconf 82' lang='grc' dir='ltr'><strong><em>πατράσιν</em></strong></span> <span class='ocrx_word' id='word_1_140' title='bbox 652 1285 689 1310; x_wconf 87' lang='grc' dir='ltr'><strong>κ.</strong></span> <span class='ocrx_word' id='word_1_141' title='bbox 715 1285 745 1310; x_wconf 89' lang='grc' dir='ltr'><strong>τ.</strong></span> <span class='ocrx_word' id='word_1_142' title='bbox 772 1268 806 1309; x_wconf 83' lang='grc' dir='ltr'><strong>λ.</strong></span> <span class='ocrx_word' id='word_1_143' title='bbox 835 1302 842 1310; x_wconf 93' lang='grc'><em>.</em></span> <span class='ocrx_word' id='word_1_144' title='bbox 871 1302 878 1310; x_wconf 92' lang='grc'><strong><em>.</em></strong></span> <span class='ocrx_word' id='word_1_145' title='bbox 906 1302 913 1310; x_wconf 96' lang='grc'><strong>.</strong></span> <span class='ocrx_word' id='word_1_146' title='bbox 947 1270 995 1311; x_wconf 86' lang='grc' dir='ltr'><strong>τὰ</strong></span> <span class='ocrx_word' id='word_1_147' title='bbox 1025 1275 1096 1324; x_wconf 85' lang='grc' dir='ltr'><strong>τῆς</strong></span> <span class='ocrx_word' id='word_1_148' title='bbox 1128 1271 1364 1325; x_wconf 80' lang='grc' dir='ltr'><strong><em>δυσγενείας</em></strong></span> <span class='ocrx_word' id='word_1_149' title='bbox 1396 1271 1532 1326; x_wconf 83' lang='grc' dir='ltr'><strong><em>ὀνείδη</em></strong></span> <span class='ocrx_word' id='word_1_150' title='bbox 1561 1304 1568 1312; x_wconf 96' lang='grc'><strong>.</strong></span> <span class='ocrx_word' id='word_1_151' title='bbox 1596 1303 1604 1312; x_wconf 95' lang='grc'><strong>.</strong></span> <span class='ocrx_word' id='word_1_152' title='bbox 1632 1304 1640 1312; x_wconf 94' lang='grc'>.</span> <span class='ocrx_word' id='word_1_153' title='bbox 1671 1272 1866 1325; x_wconf 83' lang='grc' dir='ltr'><strong><em>εὐγένεια,</em></strong></span> <span class='ocrx_word' id='word_1_154' title='bbox 1897 1269 1947 1325; x_wconf 81' lang='grc' dir='ltr'><strong>ἧς</strong></span> <span class='ocrx_word' id='word_1_155' title='bbox 1970 1270 2017 1314; x_wconf 84' lang='grc' dir='ltr'><strong>τὸ</strong></span> 
     </span>
     <span class='ocr_line' id='line_1_17' title="bbox 199 1338 2016 1395; baseline 0.001 -13"><span class='ocrx_word' id='word_1_156' title='bbox 199 1340 388 1382; x_wconf 83' lang='grc' dir='ltr'><strong><em>πλεῖστον</em></strong></span> <span class='ocrx_word' id='word_1_157' title='bbox 418 1340 543 1394; x_wconf 83' lang='grc' dir='ltr'><strong><em>λόγον</em></strong></span> <span class='ocrx_word' id='word_1_158' title='bbox 581 1341 783 1394; x_wconf 81' lang='grc' dir='ltr'><strong><em>ποιητέον.</em></strong></span> <span class='ocrx_word' id='word_1_159' title='bbox 846 1338 1050 1382; x_wconf 77' lang='lat' dir='ltr'><strong>Profecto</strong></span> <span class='ocrx_word' id='word_1_160' title='bbox 1091 1354 1299 1395; x_wconf 87' lang='lat' dir='ltr'><strong>magnum</strong></span> <span class='ocrx_word' id='word_1_161' title='bbox 1342 1340 1507 1383; x_wconf 91' lang='lat' dir='ltr'><strong>malum</strong></span> <span class='ocrx_word' id='word_1_162' title='bbox 1549 1341 1736 1384; x_wconf 85' lang='lat' dir='ltr'><strong>infamia</strong></span> <span class='ocrx_word' id='word_1_163' title='bbox 1778 1345 1857 1394; x_wconf 88' lang='lat' dir='ltr'><strong>est,</strong></span> <span class='ocrx_word' id='word_1_164' title='bbox 1902 1354 2016 1395; x_wconf 83' lang='lat' dir='ltr'><strong>quae</strong></span> 
     </span>
     <span class='ocr_line' id='line_1_18' title="bbox 201 1410 2018 1467; baseline 0.002 -16"><span class='ocrx_word' id='word_1_165' title='bbox 201 1414 339 1452; x_wconf 88' lang='lat' dir='ltr'><strong>totam</strong></span> <span class='ocrx_word' id='word_1_166' title='bbox 380 1410 571 1452; x_wconf 89' lang='lat' dir='ltr'><strong>hominis</strong></span> <span class='ocrx_word' id='word_1_167' title='bbox 602 1410 738 1452; x_wconf 87' lang='lat' dir='ltr'><strong>vitam</strong></span> <span class='ocrx_word' id='word_1_168' title='bbox 782 1410 941 1464; x_wconf 89' lang='lat' dir='ltr'><strong>perdat</strong></span> <span class='ocrx_word' id='word_1_169' title='bbox 976 1413 1294 1466; x_wconf 79' lang='grc' dir='ltr'><strong><em>(ἀνεξάλειπτα&gt;;</em></strong></span> <span class='ocrx_word' id='word_1_170' title='bbox 1339 1412 1418 1467; x_wconf 92' lang='lat' dir='ltr'><strong>qui</strong></span> <span class='ocrx_word' id='word_1_171' title='bbox 1447 1412 1533 1455; x_wconf 89' lang='lat' dir='ltr'><strong>hoc</strong></span> <span class='ocrx_word' id='word_1_172' title='bbox 1563 1412 1681 1455; x_wconf 89' lang='lat' dir='ltr'><strong>malo</strong></span> <span class='ocrx_word' id='word_1_173' title='bbox 1725 1411 1907 1455; x_wconf 84' lang='lat' dir='ltr'><strong>affectus</strong></span> <span class='ocrx_word' id='word_1_174' title='bbox 1939 1416 2018 1466; x_wconf 85' lang='lat' dir='ltr'><strong>est,</strong></span> 
     </span>
     <span class='ocr_line' id='line_1_19' title="bbox 202 1481 2018 1538; baseline 0.003 -16"><span class='ocrx_word' id='word_1_175' title='bbox 202 1481 399 1535; x_wconf 87' lang='lat' dir='ltr'><strong>quamvis</strong></span> <span class='ocrx_word' id='word_1_176' title='bbox 431 1481 608 1535; x_wconf 89' lang='lat' dir='ltr'><strong>sapiens</strong></span> <span class='ocrx_word' id='word_1_177' title='bbox 641 1484 683 1523; x_wconf 91' lang='lat' dir='ltr'><strong>et</strong></span> <span class='ocrx_word' id='word_1_178' title='bbox 702 1482 878 1523; x_wconf 88' lang='lat' dir='ltr'><strong>virtutis</strong></span> <span class='ocrx_word' id='word_1_179' title='bbox 903 1481 1059 1535; x_wconf 89' lang='lat' dir='ltr'><strong>plenus</strong></span> <span class='ocrx_word' id='word_1_180' title='bbox 1080 1483 1136 1525; x_wconf 87' lang='lat' dir='ltr'><strong>sit</strong></span> <span class='ocrx_word' id='word_1_181' title='bbox 1167 1509 1224 1514; x_wconf 89' lang='lat'><strong>—</strong></span> <span class='ocrx_word' id='word_1_182' title='bbox 1256 1486 1319 1526; x_wconf 86' lang='lat' dir='ltr'><strong>sic</strong></span> <span class='ocrx_word' id='word_1_183' title='bbox 1339 1484 1456 1526; x_wconf 90' lang='lat' dir='ltr'><strong>enim</strong></span> <span class='ocrx_word' id='word_1_184' title='bbox 1475 1483 1736 1526; x_wconf 89' lang='lat' dir='ltr'><strong>concludere</strong></span> <span class='ocrx_word' id='word_1_185' title='bbox 1756 1487 1930 1538; x_wconf 87' lang='lat' dir='ltr'><strong>oportet</strong></span> <span class='ocrx_word' id='word_1_186' title='bbox 1960 1508 2018 1514; x_wconf 89' lang='lat'><em>-</em></span> 
     </span>
    </p>
   </div>
   <div class='ocr_carea' id='block_1_3' title="bbox 199 1551 2062 1615">
    <p class='ocr_par' dir='ltr' id='par_1_4' title="bbox 199 1551 2062 1615">
     <span class='ocr_line' id='line_1_20' title="bbox 199 1551 2062 1615; baseline 0.001 -22"><span class='ocrx_word' id='word_1_187' title='bbox 199 1551 430 1594; x_wconf 88' lang='lat' dir='ltr'><strong>infamiam</strong></span> <span class='ocrx_word' id='word_1_188' title='bbox 461 1552 606 1594; x_wconf 89' lang='lat' dir='ltr'><strong>delere</strong></span> <span class='ocrx_word' id='word_1_189' title='bbox 637 1567 727 1594; x_wconf 90' lang='lat' dir='ltr'><strong>non</strong></span> <span class='ocrx_word' id='word_1_190' title='bbox 758 1556 918 1607; x_wconf 82' lang='lat' dir='ltr'><strong>potest.</strong></span> <span class='ocrx_word' id='word_1_191' title='bbox 961 1553 1081 1596; x_wconf 89' lang='lat' dir='ltr'><strong>Num</strong></span> <span class='ocrx_word' id='word_1_192' title='bbox 1126 1554 1231 1608; x_wconf 90' lang='lat' dir='ltr'><strong>quid</strong></span> <span class='ocrx_word' id='word_1_193' title='bbox 1261 1554 1365 1615; x_wconf 86' lang='lat' dir='ltr'><strong>talis</strong></span> <span class='ocrx_word' id='word_1_194' title='bbox 1407 1555 1554 1610; x_wconf 87' lang='lat' dir='ltr'><strong>opinio</strong></span> <span class='ocrx_word' id='word_1_195' title='bbox 1598 1556 1755 1598; x_wconf 88' lang='lat' dir='ltr'><strong>veteris</strong></span> <span class='ocrx_word' id='word_1_196' title='bbox 1787 1554 1922 1598; x_wconf 86' lang='lat' dir='ltr'><strong>Stoae</strong></span> <span class='ocrx_word' id='word_1_197' title='bbox 1962 1553 2017 1598; x_wconf 85' lang='lat' dir='ltr'><strong>de</strong></span> <span class='ocrx_word' id='word_1_198' title='bbox 2058 1591 2062 1595; x_wconf 90' lang='lat'>.</span> 
     </span>
    </p>
   </div>
   <div class='ocr_carea' id='block_1_4' title="bbox 200 1623 2020 2038">
    <p class='ocr_par' dir='ltr' id='par_1_5' title="bbox 200 1623 2020 2038">
     <span class='ocr_line' id='line_1_21' title="bbox 200 1623 2019 1681; baseline 0.001 -15"><span class='ocrx_word' id='word_1_199' title='bbox 200 1623 317 1666; x_wconf 82' lang='lat' dir='ltr'><strong>fama</strong></span> <span class='ocrx_word' id='word_1_200' title='bbox 352 1637 404 1665; x_wconf 89' lang='lat' dir='ltr'><strong>ac</strong></span> <span class='ocrx_word' id='word_1_201' title='bbox 446 1623 680 1665; x_wconf 90' lang='lat' dir='ltr'><strong>nobilitate</strong></span> <span class='ocrx_word' id='word_1_202' title='bbox 722 1623 935 1667; x_wconf 86' lang='lat' dir='ltr'><strong>iudicium</strong></span> <span class='ocrx_word' id='word_1_203' title='bbox 969 1624 1111 1679; x_wconf 79' lang='lat' dir='ltr'><strong>sapit?</strong></span> <span class='ocrx_word' id='word_1_204' title='bbox 1156 1626 1263 1668; x_wconf 89' lang='lat' dir='ltr'><strong>Rem</strong></span> <span class='ocrx_word' id='word_1_205' title='bbox 1310 1626 1462 1668; x_wconf 88' lang='lat' dir='ltr'><strong>tritam</strong></span> <span class='ocrx_word' id='word_1_206' title='bbox 1492 1631 1685 1670; x_wconf 86' lang='lat' dir='ltr'><strong>tractare</strong></span> <span class='ocrx_word' id='word_1_207' title='bbox 1726 1626 1908 1681; x_wconf 88' lang='lat' dir='ltr'><strong>longum</strong></span> <span class='ocrx_word' id='word_1_208' title='bbox 1940 1629 2019 1678; x_wconf 83' lang='lat' dir='ltr'><strong>est,</strong></span> 
     </span>
     <span class='ocr_line' id='line_1_22' title="bbox 202 1693 2018 1753; baseline 0.004 -18"><span class='ocrx_word' id='word_1_209' title='bbox 202 1694 435 1736; x_wconf 89' lang='lat' dir='ltr'><strong>audiamus</strong></span> <span class='ocrx_word' id='word_1_210' title='bbox 468 1694 603 1736; x_wconf 88' lang='lat' dir='ltr'><strong>solius</strong></span> <span class='ocrx_word' id='word_1_211' title='bbox 637 1693 916 1750; x_wconf 80' lang='lat' dir='ltr'><strong>Chrysippi</strong></span> <span class='ocrx_word' id='word_1_212' title='bbox 958 1696 1092 1739; x_wconf 83' lang='lat' dir='ltr'><strong>verba</strong></span> <span class='ocrx_word' id='word_1_213' title='bbox 1137 1710 1207 1751; x_wconf 90' lang='lat' dir='ltr'><strong>ap.</strong></span> <span class='ocrx_word' id='word_1_214' title='bbox 1240 1697 1626 1740; x_wconf 87' lang='lat' dir='ltr'><strong>Ps.-Plutarohum</strong></span> <span class='ocrx_word' id='word_1_215' title='bbox 1671 1699 1778 1753; x_wconf 78' lang='grc' dir='ltr'><strong><em>ὑπὲρ</em></strong></span> <span class='ocrx_word' id='word_1_216' title='bbox 1815 1699 2018 1752; x_wconf 78' lang='grc' dir='ltr'><strong><em>εὐγενείας</em></strong></span> 
     </span>
     <span class='ocr_line' id='line_1_23' title="bbox 201 1764 2018 1825; baseline 0.002 -17"><span class='ocrx_word' id='word_1_217' title='bbox 201 1765 271 1820; x_wconf 84' lang='lat' dir='ltr'><strong>(fr.</strong></span> <span class='ocrx_word' id='word_1_218' title='bbox 302 1767 388 1808; x_wconf 85' lang='lat'><strong>350</strong></span> <span class='ocrx_word' id='word_1_219' title='bbox 430 1780 464 1807; x_wconf 87' lang='lat' dir='ltr'><strong>v.</strong></span> <span class='ocrx_word' id='word_1_220' title='bbox 491 1764 620 1823; x_wconf 80' lang='lat' dir='ltr'><strong>Am.)</strong></span> <span class='ocrx_word' id='word_1_221' title='bbox 655 1769 880 1823; x_wconf 79' lang='grc' dir='ltr'><strong><em>,,ι’σοτιμίας</em></strong></span> <span class='ocrx_word' id='word_1_222' title='bbox 915 1770 1146 1823; x_wconf 84' lang='grc' dir='ltr'><strong><em>περίτηγμα</em></strong></span> <span class='ocrx_word' id='word_1_223' title='bbox 1178 1770 1248 1811; x_wconf 81' lang='grc' dir='ltr'><strong><em>καὶ</em></strong></span> <span class='ocrx_word' id='word_1_224' title='bbox 1283 1770 1516 1824; x_wconf 71' lang='grc' dir='ltr'><strong>διάξυσμαιι</strong></span> <span class='ocrx_word' id='word_1_225' title='bbox 1551 1771 1624 1825; x_wconf 86' lang='grc' dir='ltr'><strong>τὴν</strong></span> <span class='ocrx_word' id='word_1_226' title='bbox 1654 1771 1862 1825; x_wconf 80' lang='grc' dir='ltr'><strong><em>εὐγένειαν</em></strong></span> <span class='ocrx_word' id='word_1_227' title='bbox 1892 1769 2018 1811; x_wconf 81' lang='grc' dir='ltr'><strong><em>καλεῖ.</em></strong></span> 
     </span>
     <span class='ocr_line' id='line_1_24' title="bbox 201 1837 2018 1896; baseline 0.001 -16"><span class='ocrx_word' id='word_1_228' title='bbox 201 1837 335 1892; x_wconf 77' lang='grc' dir='ltr'><strong><em>μηδὲν</em></strong></span> <span class='ocrx_word' id='word_1_229' title='bbox 366 1840 450 1892; x_wconf 77' lang='grc' dir='ltr'><strong><em>ἄρα</em></strong></span> <span class='ocrx_word' id='word_1_230' title='bbox 484 1839 706 1893; x_wconf 74' lang='grc' dir='ltr'><strong><em>διαφέρειν,</em></strong></span> <span class='ocrx_word' id='word_1_231' title='bbox 738 1839 835 1881; x_wconf 85' lang='grc' dir='ltr'><strong><em>ὅτου</em></strong></span> <span class='ocrx_word' id='word_1_232' title='bbox 866 1840 983 1892; x_wconf 86' lang='grc' dir='ltr'><strong><em>παρὰ</em></strong></span> <span class='ocrx_word' id='word_1_233' title='bbox 1014 1841 1171 1894; x_wconf 82' lang='grc' dir='ltr'><strong><em>πατρὸς</em></strong></span> <span class='ocrx_word' id='word_1_234' title='bbox 1203 1841 1388 1895; x_wconf 86' lang='grc' dir='ltr'><strong><em>γεγονὼς</em></strong></span> <span class='ocrx_word' id='word_1_235' title='bbox 1419 1842 1635 1896; x_wconf 83' lang='grc' dir='ltr'><strong><em>τυγχάνῃς,</em></strong></span> <span class='ocrx_word' id='word_1_236' title='bbox 1665 1842 1862 1896; x_wconf 79' lang='grc' dir='ltr'><strong><em>εὐγενοῦς</em></strong></span> <span class='ocrx_word' id='word_1_237' title='bbox 1887 1843 1913 1895; x_wconf 88' lang='grc' dir='ltr'><em>ἢ</em></span> <span class='ocrx_word' id='word_1_238' title='bbox 1944 1841 2018 1895; x_wconf 89' lang='grc' dir='ltr'><strong>μή.</strong></span> 
     </span>
     <span class='ocr_line' id='line_1_25' title="bbox 201 1907 2020 1966; baseline 0.002 -17"><span class='ocrx_word' id='word_1_239' title='bbox 201 1908 357 1950; x_wconf 91' lang='lat' dir='ltr'><strong>Habes</strong></span> <span class='ocrx_word' id='word_1_240' title='bbox 398 1908 608 1950; x_wconf 90' lang='lat' dir='ltr'><strong>iudicium</strong></span> <span class='ocrx_word' id='word_1_241' title='bbox 647 1907 971 1951; x_wconf 87' lang='lat' dir='ltr'><strong>Ps.-Plutarchi</strong></span> <span class='ocrx_word' id='word_1_242' title='bbox 1016 1911 1211 1965; x_wconf 91' lang='lat' dir='ltr'><strong>opinioni</strong></span> <span class='ocrx_word' id='word_1_243' title='bbox 1253 1911 1385 1966; x_wconf 88' lang='lat' dir='ltr'><strong>plane</strong></span> <span class='ocrx_word' id='word_1_244' title='bbox 1429 1912 1710 1954; x_wconf 90' lang='lat' dir='ltr'><strong>contrarium.</strong></span> <span class='ocrx_word' id='word_1_245' title='bbox 1773 1911 1941 1955; x_wconf 81' lang='lat' dir='ltr'><strong>Contra</strong></span> <span class='ocrx_word' id='word_1_246' title='bbox 1972 1910 2020 1952; x_wconf 88' lang='lat' dir='ltr'><strong>in</strong></span> 
     </span>
     <span class='ocr_line' id='line_1_26' title="bbox 202 1979 2020 2038; baseline 0.002 -18"><span class='ocrx_word' id='word_1_247' title='bbox 202 1979 347 2021; x_wconf 90' lang='lat' dir='ltr'><strong>media</strong></span> <span class='ocrx_word' id='word_1_248' title='bbox 379 1994 491 2034; x_wconf 90' lang='lat' dir='ltr'><strong>quae</strong></span> <span class='ocrx_word' id='word_1_249' title='bbox 516 1984 699 2022; x_wconf 84' lang='lat' dir='ltr'><strong>vocatur</strong></span> <span class='ocrx_word' id='word_1_250' title='bbox 725 1979 834 2023; x_wconf 83' lang='lat' dir='ltr'><strong>Stoa</strong></span> <span class='ocrx_word' id='word_1_251' title='bbox 859 1985 909 2023; x_wconf 92' lang='lat' dir='ltr'><strong>ut</strong></span> <span class='ocrx_word' id='word_1_252' title='bbox 935 1985 1084 2024; x_wconf 88' lang='lat' dir='ltr'><strong>cetera</strong></span> <span class='ocrx_word' id='word_1_253' title='bbox 1107 1982 1226 2025; x_wconf 87' lang='lat' dir='ltr'><strong>bona</strong></span> <span class='ocrx_word' id='word_1_254' title='bbox 1251 1987 1446 2036; x_wconf 83' lang='lat' dir='ltr'><strong>externa,</strong></span> <span class='ocrx_word' id='word_1_255' title='bbox 1479 1983 1542 2026; x_wconf 88' lang='lat' dir='ltr'><strong>sic</strong></span> <span class='ocrx_word' id='word_1_256' title='bbox 1568 1983 1755 2038; x_wconf 88' lang='lat' dir='ltr'><strong>gloriam</strong></span> <span class='ocrx_word' id='word_1_257' title='bbox 1781 1997 1833 2026; x_wconf 90' lang='lat' dir='ltr'><strong>ac</strong></span> <span class='ocrx_word' id='word_1_258' title='bbox 1858 1982 2020 2025; x_wconf 83' lang='lat' dir='ltr'><strong>bonam</strong></span> 
     </span>
    </p>
   </div>
   <div class='ocr_carea' id='block_1_5' title="bbox 200 2050 2106 2181">
    <p class='ocr_par' dir='ltr' id='par_1_6' title="bbox 200 2050 2106 2181">
     <span class='ocr_line' id='line_1_27' title="bbox 200 2050 2106 2112; baseline 0.003 -20"><span class='ocrx_word' id='word_1_259' title='bbox 200 2050 368 2092; x_wconf 86' lang='lat' dir='ltr'><strong>famam</strong></span> <span class='ocrx_word' id='word_1_260' title='bbox 387 2051 503 2093; x_wconf 87' lang='lat' dir='ltr'><strong>inter</strong></span> <span class='ocrx_word' id='word_1_261' title='bbox 521 2064 625 2093; x_wconf 81' lang='lat' dir='ltr'><strong>vera</strong></span> <span class='ocrx_word' id='word_1_262' title='bbox 649 2051 816 2103; x_wconf 86' lang='lat' dir='ltr'><strong>„bona“</strong></span> <span class='ocrx_word' id='word_1_263' title='bbox 840 2052 1014 2095; x_wconf 88' lang='lat' dir='ltr'><strong>habitas</strong></span> <span class='ocrx_word' id='word_1_264' title='bbox 1041 2068 1134 2096; x_wconf 90' lang='lat' dir='ltr'><strong>esse</strong></span> <span class='ocrx_word' id='word_1_265' title='bbox 1161 2054 1393 2112; x_wconf 71' lang='lat' dir='ltr'><strong>constat3).</strong></span> <span class='ocrx_word' id='word_1_266' title='bbox 1426 2055 1481 2096; x_wconf 91' lang='lat' dir='ltr'><strong>In</strong></span> <span class='ocrx_word' id='word_1_267' title='bbox 1506 2054 1831 2097; x_wconf 89' lang='lat' dir='ltr'><strong>Ps.-Plutarchi</strong></span> <span class='ocrx_word' id='word_1_268' title='bbox 1855 2057 2019 2096; x_wconf 78' lang='lat' dir='ltr'><strong>tracta-</strong></span> <span class='ocrx_word' id='word_1_269' title='bbox 2085 2075 2106 2088; x_wconf 59' lang='lat' dir='ltr'><em>v</em></span> 
     </span>
     <span class='ocr_line' id='line_1_28' title="bbox 202 2122 2069 2181; baseline 0.003 -18"><span class='ocrx_word' id='word_1_270' title='bbox 202 2122 334 2173; x_wconf 83' lang='lat' dir='ltr'><strong>tione,</strong></span> <span class='ocrx_word' id='word_1_271' title='bbox 359 2136 491 2176; x_wconf 92' lang='lat' dir='ltr'><strong>quam</strong></span> <span class='ocrx_word' id='word_1_272' title='bbox 518 2136 652 2177; x_wconf 87' lang='lat' dir='ltr'><strong>supra</strong></span> <span class='ocrx_word' id='word_1_273' title='bbox 679 2123 817 2177; x_wconf 86' lang='lat' dir='ltr'><strong>attuli,</strong></span> <span class='ocrx_word' id='word_1_274' title='bbox 843 2124 919 2166; x_wconf 91' lang='lat' dir='ltr'><strong>ubi</strong></span> <span class='ocrx_word' id='word_1_275' title='bbox 952 2125 1189 2179; x_wconf 88' lang='lat' dir='ltr'><strong>praecipue</strong></span> <span class='ocrx_word' id='word_1_276' title='bbox 1215 2125 1454 2181; x_wconf 81' lang='lat' dir='ltr'><strong>Chrysippi</strong></span> <span class='ocrx_word' id='word_1_277' title='bbox 1473 2126 1722 2169; x_wconf 88' lang='lat' dir='ltr'><strong>nobilitatis</strong></span> <span class='ocrx_word' id='word_1_278' title='bbox 1741 2125 2020 2181; x_wconf 83' lang='lat' dir='ltr'><strong>neglegentia</strong></span> <span class='ocrx_word' id='word_1_279' title='bbox 2065 2152 2069 2156; x_wconf 94' lang='lat'><em>-</em></span> 
     </span>
    </p>
   </div>
   <div class='ocr_carea' id='block_1_6' title="bbox 201 2192 2020 2537">
    <p class='ocr_par' dir='ltr' id='par_1_7' title="bbox 201 2192 2020 2537">
     <span class='ocr_line' id='line_1_29' title="bbox 201 2192 2020 2255; baseline 0.002 -20"><span class='ocrx_word' id='word_1_280' title='bbox 201 2192 436 2246; x_wconf 87' lang='lat' dir='ltr'><strong>refutatur,</strong></span> <span class='ocrx_word' id='word_1_281' title='bbox 487 2194 753 2236; x_wconf 87' lang='lat' dir='ltr'><strong>Posidonius</strong></span> <span class='ocrx_word' id='word_1_282' title='bbox 798 2209 972 2249; x_wconf 86' lang='lat' dir='ltr'><strong>quoque</strong></span> <span class='ocrx_word' id='word_1_283' title='bbox 1023 2195 1257 2238; x_wconf 88' lang='lat' dir='ltr'><strong>adhibetur</strong></span> <span class='ocrx_word' id='word_1_284' title='bbox 1301 2199 1412 2251; x_wconf 90' lang='lat' dir='ltr'><strong>(cap.</strong></span> <span class='ocrx_word' id='word_1_285' title='bbox 1453 2197 1539 2255; x_wconf 83' lang='lat'><strong>18),</strong></span> <span class='ocrx_word' id='word_1_286' title='bbox 1584 2198 1658 2251; x_wconf 90' lang='lat' dir='ltr'><strong>qui</strong></span> <span class='ocrx_word' id='word_1_287' title='bbox 1691 2210 1890 2240; x_wconf 84' lang='lat' dir='ltr'><strong>sermone</strong></span> <span class='ocrx_word' id='word_1_288' title='bbox 1922 2211 2020 2239; x_wconf 87' lang='lat' dir='ltr'><strong>cum</strong></span> 
     </span>
     <span class='ocr_line' id='line_1_30' title="bbox 203 2265 2020 2324; baseline 0.002 -18"><span class='ocrx_word' id='word_1_289' title='bbox 203 2265 434 2307; x_wconf 90' lang='lat' dir='ltr'><strong>Tuberone</strong></span> <span class='ocrx_word' id='word_1_290' title='bbox 484 2265 635 2308; x_wconf 81' lang='lat' dir='ltr'><strong>habito</strong></span> <span class='ocrx_word' id='word_1_291' title='bbox 679 2280 732 2308; x_wconf 90' lang='lat' dir='ltr'><strong>ea</strong></span> <span class='ocrx_word' id='word_1_292' title='bbox 773 2266 956 2320; x_wconf 84' lang='lat' dir='ltr'><strong>profert,</strong></span> <span class='ocrx_word' id='word_1_293' title='bbox 1001 2281 1112 2322; x_wconf 87' lang='lat' dir='ltr'><strong>quae</strong></span> <span class='ocrx_word' id='word_1_294' title='bbox 1157 2267 1263 2310; x_wconf 89' lang='lat' dir='ltr'><strong>alibi</strong></span> <span class='ocrx_word' id='word_1_295' title='bbox 1306 2266 1542 2311; x_wconf 87' lang='lat' dir='ltr'><strong>Aristoteli</strong></span> <span class='ocrx_word' id='word_1_296' title='bbox 1587 2269 1749 2311; x_wconf 87' lang='lat' dir='ltr'><strong>dantur</strong></span> <span class='ocrx_word' id='word_1_297' title='bbox 1792 2268 1864 2324; x_wconf 90' lang='lat' dir='ltr'><strong>(cf.</strong></span> <span class='ocrx_word' id='word_1_298' title='bbox 1902 2267 2020 2310; x_wconf 88' lang='lat' dir='ltr'><strong>Plut.</strong></span> 
     </span>
     <span class='ocr_line' id='line_1_31' title="bbox 201 2336 2020 2395; baseline 0.002 -17"><span class='ocrx_word' id='word_1_299' title='bbox 201 2336 396 2379; x_wconf 89' lang='lat' dir='ltr'><strong>Moralia</strong></span> <span class='ocrx_word' id='word_1_300' title='bbox 415 2336 481 2380; x_wconf 90' lang='lat' dir='ltr'><strong>ed.</strong></span> <span class='ocrx_word' id='word_1_301' title='bbox 500 2337 716 2379; x_wconf 86' lang='lat' dir='ltr'><strong>Bernard.</strong></span> <span class='ocrx_word' id='word_1_302' title='bbox 742 2337 891 2382; x_wconf 85' lang='lat' dir='ltr'>v.VII</span> <span class='ocrx_word' id='word_1_303' title='bbox 923 2337 1043 2395; x_wconf 83' lang='lat'>260).</span> <span class='ocrx_word' id='word_1_304' title='bbox 1076 2339 1289 2381; x_wconf 85' lang='lat' dir='ltr'><strong>Eiusdem</strong></span> <span class='ocrx_word' id='word_1_305' title='bbox 1319 2339 1438 2382; x_wconf 87' lang='lat' dir='ltr'><strong>illius</strong></span> <span class='ocrx_word' id='word_1_306' title='bbox 1470 2339 1723 2394; x_wconf 91' lang='lat' dir='ltr'><strong>philosophi</strong></span> <span class='ocrx_word' id='word_1_307' title='bbox 1752 2339 1800 2382; x_wconf 92' lang='lat' dir='ltr'><strong>in</strong></span> <span class='ocrx_word' id='word_1_308' title='bbox 1829 2344 2020 2382; x_wconf 88' lang='lat' dir='ltr'><strong>mentem</strong></span> 
     </span>
     <span class='ocr_line' id='line_1_32' title="bbox 202 2408 2020 2467; baseline 0.002 -17"><span class='ocrx_word' id='word_1_309' title='bbox 202 2408 330 2450; x_wconf 90' lang='lat' dir='ltr'><strong>nobis</strong></span> <span class='ocrx_word' id='word_1_310' title='bbox 368 2408 499 2460; x_wconf 88' lang='lat' dir='ltr'><strong>venit,</strong></span> <span class='ocrx_word' id='word_1_311' title='bbox 544 2422 639 2450; x_wconf 92' lang='lat' dir='ltr'><strong>cum</strong></span> <span class='ocrx_word' id='word_1_312' title='bbox 682 2409 866 2463; x_wconf 88' lang='lat' dir='ltr'><strong>legimus</strong></span> <span class='ocrx_word' id='word_1_313' title='bbox 900 2411 921 2452; x_wconf 96' lang='grc'>1</span> <span class='ocrx_word' id='word_1_314' title='bbox 944 2408 979 2452; x_wconf 84' lang='lat' dir='ltr'>O</span> <span class='ocrx_word' id='word_1_315' title='bbox 1024 2413 1168 2465; x_wconf 83' lang='grc' dir='ltr'><strong><em>ὥσπερ</em></strong></span> <span class='ocrx_word' id='word_1_316' title='bbox 1213 2411 1354 2465; x_wconf 84' lang='grc' dir='ltr'><strong><em>ἀμέλει</em></strong></span> <span class='ocrx_word' id='word_1_317' title='bbox 1391 2412 1671 2467; x_wconf 83' lang='grc' dir='ltr'><strong><em>μεγαλαυχίας</em></strong></span> <span class='ocrx_word' id='word_1_318' title='bbox 1713 2412 2020 2466; x_wconf 79' lang='grc' dir='ltr'><strong><em>ἐμπίμπλανται</em></strong></span> 
     </span>
     <span class='ocr_line' id='line_1_33' title="bbox 204 2481 2020 2537; baseline 0.001 -15"><span class='ocrx_word' id='word_1_319' title='bbox 204 2482 271 2522; x_wconf 82' lang='grc' dir='ltr'><strong><em>καὶ</em></strong></span> <span class='ocrx_word' id='word_1_320' title='bbox 305 2482 578 2536; x_wconf 82' lang='grc' dir='ltr'><strong><em>φρυάγματος</em></strong></span> <span class='ocrx_word' id='word_1_321' title='bbox 615 2482 655 2523; x_wconf 86' lang='grc' dir='ltr'><strong>οἳ</strong></span> <span class='ocrx_word' id='word_1_322' title='bbox 686 2483 847 2535; x_wconf 86' lang='grc' dir='ltr'><strong><em>γονέων</em></strong></span> <span class='ocrx_word' id='word_1_323' title='bbox 891 2482 1126 2536; x_wconf 80' lang='grc' dir='ltr'><strong><em>διασήμων,</em></strong></span> <span class='ocrx_word' id='word_1_324' title='bbox 1171 2485 1425 2537; x_wconf 86' lang='lat' dir='ltr'><strong>comparato</strong></span> <span class='ocrx_word' id='word_1_325' title='bbox 1471 2481 1664 2525; x_wconf 87' lang='lat' dir='ltr'><strong>Senecae</strong></span> <span class='ocrx_word' id='word_1_326' title='bbox 1708 2481 1806 2524; x_wconf 89' lang='lat' dir='ltr'><strong>loco</strong></span> <span class='ocrx_word' id='word_1_327' title='bbox 1837 2481 1908 2525; x_wconf 91' lang='lat' dir='ltr'><strong>De</strong></span> <span class='ocrx_word' id='word_1_328' title='bbox 1951 2481 2020 2524; x_wconf 81' lang='lat' dir='ltr'><strong>ira</strong></span> 
     </span>
    </p>
   </div>
   <div class='ocr_carea' id='block_1_7' title="bbox 205 2572 2016 2690">
    <p class='ocr_par' dir='ltr' id='par_1_8' title="bbox 205 2572 2016 2690">
     <span class='ocr_line' id='line_1_34' title="bbox 217 2572 2016 2633; baseline 0.002 -14"><span class='ocrx_word' id='word_1_329' title='bbox 217 2627 220 2629; x_wconf 8' lang='grc' dir='ltr'>μ</span> <span class='ocrx_word' id='word_1_330' title='bbox 350 2586 374 2629; x_wconf 87' lang='lat'><strong>¹)</strong></span> <span class='ocrx_word' id='word_1_331' title='bbox 399 2597 434 2622; x_wconf 88' lang='lat' dir='ltr'><strong>v.</strong></span> <span class='ocrx_word' id='word_1_332' title='bbox 469 2586 531 2620; x_wconf 76' lang='lat' dir='ltr'><strong>Fr.</strong></span> <span class='ocrx_word' id='word_1_333' title='bbox 557 2586 662 2621; x_wconf 88' lang='lat' dir='ltr'><strong>Bock</strong></span> <span class='ocrx_word' id='word_1_334' title='bbox 687 2586 909 2632; x_wconf 77' lang='lat' dir='ltr'><strong>Aristoteles,</strong></span> <span class='ocrx_word' id='word_1_335' title='bbox 951 2587 1226 2633; x_wconf 74' lang='lat' dir='ltr'><strong>Theophrastus,</strong></span> <span class='ocrx_word' id='word_1_336' title='bbox 1266 2588 1403 2626; x_wconf 84' lang='lat' dir='ltr'><strong>Seneca</strong></span> <span class='ocrx_word' id='word_1_337' title='bbox 1433 2589 1475 2623; x_wconf 87' lang='lat' dir='ltr'><strong>de</strong></span> <span class='ocrx_word' id='word_1_338' title='bbox 1499 2588 1740 2624; x_wconf 59' lang='lat' dir='ltr'><strong>&lt;matrimonio</strong></span> <span class='ocrx_word' id='word_1_339' title='bbox 1772 2572 1881 2633; x_wconf 85' lang='lat' dir='ltr'><strong>(Diss.</strong></span> <span class='ocrx_word' id='word_1_340' title='bbox 1910 2587 2016 2631; x_wconf 83' lang='lat'>18983</span> 
     </span>
     <span class='ocr_line' id='line_1_35' title="bbox 205 2644 569 2690; baseline 0.005 -11"><span class='ocrx_word' id='word_1_341' title='bbox 205 2644 331 2689; x_wconf 86' lang='lat' dir='ltr'><strong>Leipz.</strong></span> <span class='ocrx_word' id='word_1_342' title='bbox 359 2645 470 2680; x_wconf 88' lang='lat' dir='ltr'><strong>Stud.</strong></span> <span class='ocrx_word' id='word_1_343' title='bbox 497 2646 569 2690; x_wconf 85' lang='lat'><strong>19).</strong></span> 
     </span>
    </p>
   </div>
   <div class='ocr_carea' id='block_1_8' title="bbox 348 2703 2022 2752">
    <p class='ocr_par' dir='ltr' id='par_1_9' title="bbox 348 2703 2022 2752">
     <span class='ocr_line' id='line_1_36' title="bbox 348 2703 2022 2752; baseline 0.002 -15"><span class='ocrx_word' id='word_1_344' title='bbox 348 2704 375 2748; x_wconf 72' lang='grc'><strong>2)</strong></span> <span class='ocrx_word' id='word_1_345' title='bbox 410 2703 455 2738; x_wconf 89' lang='lat' dir='ltr'><strong>de</strong></span> <span class='ocrx_word' id='word_1_346' title='bbox 487 2704 641 2749; x_wconf 85' lang='lat' dir='ltr'><strong>reliquis</strong></span> <span class='ocrx_word' id='word_1_347' title='bbox 675 2705 910 2749; x_wconf 86' lang='lat' dir='ltr'><strong>(Aristotele,</strong></span> <span class='ocrx_word' id='word_1_348' title='bbox 949 2706 1136 2752; x_wconf 87' lang='lat' dir='ltr'><strong>Hierocle,</strong></span> <span class='ocrx_word' id='word_1_349' title='bbox 1174 2707 1395 2752; x_wconf 85' lang='lat' dir='ltr'><strong>Antipatro)</strong></span> <span class='ocrx_word' id='word_1_350' title='bbox 1431 2719 1466 2742; x_wconf 90' lang='lat' dir='ltr'><strong>v.</strong></span> <span class='ocrx_word' id='word_1_351' title='bbox 1491 2707 1676 2742; x_wconf 85' lang='lat' dir='ltr'><strong>Bockium</strong></span> <span class='ocrx_word' id='word_1_352' title='bbox 1701 2708 1724 2742; x_wconf 90' lang='lat' dir='ltr'><strong>l.</strong></span> <span class='ocrx_word' id='word_1_353' title='bbox 1752 2707 1790 2752; x_wconf 87' lang='grc'><strong>1,,</strong></span> <span class='ocrx_word' id='word_1_354' title='bbox 1826 2710 2022 2752; x_wconf 70' lang='lat' dir='ltr'><strong>praeterea</strong></span> 
     </span>
    </p>
   </div>
   <div class='ocr_carea' id='block_1_9' title="bbox 205 2762 2099 2812">
    <p class='ocr_par' dir='ltr' id='par_1_10' title="bbox 205 2762 2099 2812">
     <span class='ocr_line' id='line_1_37' title="bbox 205 2762 2099 2812; baseline 0.002 -15"><span class='ocrx_word' id='word_1_355' title='bbox 205 2762 365 2798; x_wconf 86' lang='lat' dir='ltr'><strong>Schiitze</strong></span> <span class='ocrx_word' id='word_1_356' title='bbox 391 2763 551 2798; x_wconf 75' lang='lat' dir='ltr'><strong>Juvenal.</strong></span> <span class='ocrx_word' id='word_1_357' title='bbox 578 2764 645 2799; x_wconf 79' lang='lat' dir='ltr'><strong>eth.</strong></span> <span class='ocrx_word' id='word_1_358' title='bbox 677 2776 707 2799; x_wconf 89' lang='lat' dir='ltr'><strong>c.</strong></span> <span class='ocrx_word' id='word_1_359' title='bbox 722 2764 834 2800; x_wconf 85' lang='lat' dir='ltr'>VIII.</span> <span class='ocrx_word' id='word_1_360' title='bbox 862 2765 1019 2810; x_wconf 88' lang='lat' dir='ltr'><strong>Oopiose</strong></span> <span class='ocrx_word' id='word_1_361' title='bbox 1044 2765 1091 2800; x_wconf 86' lang='lat' dir='ltr'><strong>de</strong></span> <span class='ocrx_word' id='word_1_362' title='bbox 1112 2777 1155 2802; x_wconf 80' lang='lat' dir='ltr'><strong>ea</strong></span> <span class='ocrx_word' id='word_1_363' title='bbox 1181 2767 1357 2810; x_wconf 84' lang='lat' dir='ltr'><strong>opinione</strong></span> <span class='ocrx_word' id='word_1_364' title='bbox 1382 2766 1580 2802; x_wconf 85' lang='lat' dir='ltr'><strong>Musonius</strong></span> <span class='ocrx_word' id='word_1_365' title='bbox 1606 2767 1761 2812; x_wconf 85' lang='lat' dir='ltr'><strong>exponit</strong></span> <span class='ocrx_word' id='word_1_366' title='bbox 1787 2765 2019 2812; x_wconf 83' lang='lat' dir='ltr'><strong>apud.St0b.</strong></span> <span class='ocrx_word' id='word_1_367' title='bbox 2092 2765 2099 2775; x_wconf 84' lang='lat'><em>&#39;</em></span> 
     </span>
    </p>
   </div>
   <div class='ocr_carea' id='block_1_10' title="bbox 204 2821 2022 3047">
    <p class='ocr_par' dir='ltr' id='par_1_11' title="bbox 204 2821 673 2867">
     <span class='ocr_line' id='line_1_38' title="bbox 204 2821 673 2867; baseline 0.004 -11"><span class='ocrx_word' id='word_1_368' title='bbox 204 2822 285 2857; x_wconf 86' lang='lat' dir='ltr'><strong>Ecl.</strong></span> <span class='ocrx_word' id='word_1_369' title='bbox 313 2821 386 2867; x_wconf 90' lang='lat' dir='ltr'><strong>IV,</strong></span> <span class='ocrx_word' id='word_1_370' title='bbox 411 2834 447 2867; x_wconf 87' lang='lat' dir='ltr'><strong>p.</strong></span> <span class='ocrx_word' id='word_1_371' title='bbox 473 2823 555 2867; x_wconf 82' lang='lat'><strong>540,</strong></span> <span class='ocrx_word' id='word_1_372' title='bbox 582 2824 602 2858; x_wconf 83' lang='lat'>8</span> <span class='ocrx_word' id='word_1_373' title='bbox 623 2823 673 2858; x_wconf 89' lang='lat' dir='ltr'><strong>H.</strong></span> 
     </span>
    </p>

    <p class='ocr_par' dir='ltr' id='par_1_12' title="bbox 204 2880 2022 3047">
     <span class='ocr_line' id='line_1_39' title="bbox 349 2880 2021 2931; baseline 0.004 -16"><span class='ocrx_word' id='word_1_374' title='bbox 349 2880 377 2926; x_wconf 81' lang='lat'><strong>³)</strong></span> <span class='ocrx_word' id='word_1_375' title='bbox 404 2893 433 2916; x_wconf 91' lang='lat' dir='ltr'><strong>e.</strong></span> <span class='ocrx_word' id='word_1_376' title='bbox 455 2893 490 2927; x_wconf 87' lang='lat' dir='ltr'><strong>g.</strong></span> <span class='ocrx_word' id='word_1_377' title='bbox 518 2882 634 2918; x_wconf 86' lang='lat' dir='ltr'><strong>Cicer.</strong></span> <span class='ocrx_word' id='word_1_378' title='bbox 661 2883 715 2917; x_wconf 88' lang='lat' dir='ltr'><strong>De</strong></span> <span class='ocrx_word' id='word_1_379' title='bbox 741 2882 882 2918; x_wconf 86' lang='lat' dir='ltr'><strong>fin.111</strong></span> <span class='ocrx_word' id='word_1_380' title='bbox 908 2884 970 2919; x_wconf 86' lang='lat'><strong>57:</strong></span> <span class='ocrx_word' id='word_1_381' title='bbox 999 2910 1007 2920; x_wconf 90' lang='lat'><strong>.</strong></span> <span class='ocrx_word' id='word_1_382' title='bbox 1024 2911 1054 2920; x_wconf 89' lang='lat'><strong>..</strong></span> <span class='ocrx_word' id='word_1_383' title='bbox 1081 2885 1214 2920; x_wconf 82' lang='lat' dir='ltr'><strong>bonam</strong></span> <span class='ocrx_word' id='word_1_384' title='bbox 1238 2885 1383 2930; x_wconf 86' lang='lat' dir='ltr'><strong>famam</strong></span> <span class='ocrx_word' id='word_1_385' title='bbox 1407 2885 1531 2930; x_wconf 78' lang='lat' dir='ltr'><strong>ipsam</strong></span> <span class='ocrx_word' id='word_1_386' title='bbox 1546 2889 1695 2931; x_wconf 83' lang='lat' dir='ltr'><strong>propter</strong></span> <span class='ocrx_word' id='word_1_387' title='bbox 1711 2897 1749 2921; x_wconf 87' lang='lat' dir='ltr'><strong>se</strong></span> <span class='ocrx_word' id='word_1_388' title='bbox 1767 2885 2021 2931; x_wconf 75' lang='lat' dir='ltr'><strong>praepositam</strong></span> 
     </span>
     <span class='ocr_line' id='line_1_40' title="bbox 204 2941 2022 2989; baseline 0.004 -15"><span class='ocrx_word' id='word_1_389' title='bbox 204 2944 234 2974; x_wconf 83' lang='lat' dir='ltr'><strong>et</strong></span> <span class='ocrx_word' id='word_1_390' title='bbox 259 2941 477 2975; x_wconf 71' lang='lat' dir='ltr'><strong>sumendam</strong></span> <span class='ocrx_word' id='word_1_391' title='bbox 501 2953 575 2976; x_wconf 86' lang='lat' dir='ltr'><strong>esse</strong></span> <span class='ocrx_word' id='word_1_392' title='bbox 610 2941 783 2977; x_wconf 66' lang='lat' dir='ltr'><strong>dixserunt</strong></span> <span class='ocrx_word' id='word_1_393' title='bbox 818 2954 958 2987; x_wconf 83' lang='lat' dir='ltr'><strong>esseque</strong></span> <span class='ocrx_word' id='word_1_394' title='bbox 993 2944 1157 2978; x_wconf 79' lang='lat' dir='ltr'><strong>hominis</strong></span> <span class='ocrx_word' id='word_1_395' title='bbox 1182 2944 1338 2989; x_wconf 72' lang='lat' dir='ltr'><strong>inqenui</strong></span> <span class='ocrx_word' id='word_1_396' title='bbox 1359 2948 1391 2979; x_wconf 79' lang='lat' dir='ltr'><strong>et</strong></span> <span class='ocrx_word' id='word_1_397' title='bbox 1428 2944 1627 2980; x_wconf 78' lang='lat' dir='ltr'><strong>liberaliter</strong></span> <span class='ocrx_word' id='word_1_398' title='bbox 1656 2945 1803 2981; x_wconf 79' lang='lat' dir='ltr'><strong>edueati</strong></span> <span class='ocrx_word' id='word_1_399' title='bbox 1827 2945 1912 2980; x_wconf 78' lang='lat' dir='ltr'><strong>velle</strong></span> <span class='ocrx_word' id='word_1_400' title='bbox 1936 2945 2022 2980; x_wconf 76' lang='lat' dir='ltr'><strong>bene</strong></span> 
     </span>
     <span class='ocr_line' id='line_1_41' title="bbox 205 2999 2021 3047; baseline 0.004 -15"><span class='ocrx_word' id='word_1_401' title='bbox 205 2999 336 3033; x_wconf 75' lang='lat' dir='ltr'><strong>audire</strong></span> <span class='ocrx_word' id='word_1_402' title='bbox 362 3011 385 3034; x_wconf 89' lang='lat' dir='ltr'><strong>a</strong></span> <span class='ocrx_word' id='word_1_403' title='bbox 405 3000 634 3046; x_wconf 78' lang='lat' dir='ltr'><strong>parentibus,</strong></span> <span class='ocrx_word' id='word_1_404' title='bbox 671 3013 695 3036; x_wconf 84' lang='lat' dir='ltr'><strong>a</strong></span> <span class='ocrx_word' id='word_1_405' title='bbox 714 3001 950 3047; x_wconf 74' lang='lat' dir='ltr'><strong>propinquis,</strong></span> <span class='ocrx_word' id='word_1_406' title='bbox 988 3014 1011 3038; x_wconf 90' lang='lat' dir='ltr'><strong>a</strong></span> <span class='ocrx_word' id='word_1_407' title='bbox 1036 3003 1140 3038; x_wconf 75' lang='lat' dir='ltr'><strong>bonis</strong></span> <span class='ocrx_word' id='word_1_408' title='bbox 1173 3003 1285 3038; x_wconf 77' lang='lat' dir='ltr'><strong>etiam</strong></span> <span class='ocrx_word' id='word_1_409' title='bbox 1311 3003 1405 3038; x_wconf 69' lang='lat' dir='ltr'><strong>viris</strong></span> <span class='ocrx_word' id='word_1_410' title='bbox 1430 3007 1492 3038; x_wconf 74' lang='lat' dir='ltr'><strong>ete.</strong></span> <span class='ocrx_word' id='word_1_411' title='bbox 1531 3003 1676 3039; x_wconf 85' lang='lat' dir='ltr'><strong>Eodem</strong></span> <span class='ocrx_word' id='word_1_412' title='bbox 1700 3004 1815 3039; x_wconf 87' lang='lat' dir='ltr'><strong>modo</strong></span> <span class='ocrx_word' id='word_1_413' title='bbox 1839 3003 2021 3039; x_wconf 81' lang='lat' dir='ltr'><strong>Ps.-P1ut.</strong></span> 
     </span>
    </p>
   </div>
   <div class='ocr_carea' id='block_1_11' title="bbox 206 3059 2018 3163">
    <p class='ocr_par' dir='ltr' id='par_1_13' title="bbox 206 3059 2018 3163">
     <span class='ocr_line' id='line_1_42' title="bbox 207 3059 2018 3110; baseline 0.004 -19"><span class='ocrx_word' id='word_1_414' title='bbox 207 3068 393 3092; x_wconf 88' lang='lat' dir='ltr'><strong>sermones</strong></span> <span class='ocrx_word' id='word_1_415' title='bbox 419 3059 612 3094; x_wconf 90' lang='lat' dir='ltr'><strong>hominum</strong></span> <span class='ocrx_word' id='word_1_416' title='bbox 638 3062 766 3105; x_wconf 83' lang='lat' dir='ltr'><strong>magni</strong></span> <span class='ocrx_word' id='word_1_417' title='bbox 793 3062 983 3098; x_wconf 79' lang='lat' dir='ltr'><strong>aestimat:</strong></span> <span class='ocrx_word' id='word_1_418' title='bbox 1012 3061 1058 3097; x_wconf 84' lang='lat' dir='ltr'><strong>cf.</strong></span> <span class='ocrx_word' id='word_1_419' title='bbox 1078 3068 1160 3108; x_wconf 74' lang='grc' dir='ltr'><strong><em>τοῖς</em></strong></span> <span class='ocrx_word' id='word_1_420' title='bbox 1178 3063 1358 3109; x_wconf 78' lang='grc' dir='ltr'><strong><em>ἐλέγχειν</em></strong></span> <span class='ocrx_word' id='word_1_421' title='bbox 1377 3064 1440 3098; x_wconf 80' lang='grc' dir='ltr'><strong><em>καὶ</em></strong></span> <span class='ocrx_word' id='word_1_422' title='bbox 1458 3061 1725 3110; x_wconf 74' lang='grc' dir='ltr'><strong><em>λοιδορεῖσθαι</em></strong></span> <span class='ocrx_word' id='word_1_423' title='bbox 1741 3064 2018 3110; x_wconf 76' lang='grc' dir='ltr'><strong><em>βουλομένοις;</em></strong></span> 
     </span>
     <span class='ocr_line' id='line_1_43' title="bbox 206 3115 704 3163; baseline 0.008 -13"><span class='ocrx_word' id='word_1_424' title='bbox 206 3115 255 3152; x_wconf 85' lang='lat' dir='ltr'><strong>cf.</strong></span> <span class='ocrx_word' id='word_1_425' title='bbox 281 3115 445 3152; x_wconf 85' lang='lat' dir='ltr'><strong>Senecae</strong></span> <span class='ocrx_word' id='word_1_426' title='bbox 471 3117 538 3162; x_wconf 86' lang='lat' dir='ltr'><strong>Ep.</strong></span> <span class='ocrx_word' id='word_1_427' title='bbox 567 3119 645 3163; x_wconf 88' lang='lat'><strong>102,</strong></span> <span class='ocrx_word' id='word_1_428' title='bbox 674 3120 704 3154; x_wconf 86' lang='lat'><strong>3.</strong></span> 
     </span>
    </p>
   </div>
  </div>
 </body>
</html>
