2138 3438
211 217 278 259 IV
309 231 349 270 p.
383 217 483 267 487,
517 217 542 257 3
564 215 640 268 H.)
673 216 784 269 ἐγὼν
804 248 812 257 .
833 248 841 257 .
865 247 873 257 .
906 217 1170 271 ποτιβλέπων
1201 217 1364 258 ἅπαντα
1395 216 1443 259 τὰ
1469 218 1542 259 νέα
1568 219 1761 272 φυλακῆς
1785 234 1826 260 τε
1851 217 1922 259 καὶ
1945 218 2030 260 ἐπι·
2067 229 2071 232 ’

212 290 374 342 μελείας
406 288 584 342 δεόμενα
605 320 613 327 .
635 320 642 328 .
665 320 673 328 .
711 288 806 340 περὶ
835 287 905 330 τὸν
936 291 1095 341 πρᾶτον
1127 288 1275 341 καιρὸν
1305 291 1377 334 τᾶς
1408 289 1610 342 αὗξήσιος-
1633 293 1693 343 τῷ
1725 289 2033 343 ᾶκροσφαλέως

212 362 304 414 ἔχεν
342 359 435 401 ποτὶ
473 360 682 413 σωτηρίαν
719 359 933 413 ὑπέλαβον
973 360 1032 414 μὴ
1072 360 1298 413 παρέργως
1335 358 1419 400 δεῖν
1457 360 1596 402 αὐτῶν
1632 375 1686 413 με
1722 361 1930 414 φυλάσσεν
1958 360 2032 402 τὰν

214 432 449 484 ἀσθένειαν,
478 429 703 484 Diogenes
737 429 856 483 apud
891 428 1012 471 Stob.
1044 428 1138 471 Ecl.
1166 428 1215 470 II
1241 444 1284 483 p.
1314 430 1399 471 216
1427 428 1500 473 W.
1525 431 1636 484 ἔλεγε
1659 430 1733 485 τὴν
1755 434 1841 473 τῶν
1864 430 2032 473 παίδων

214 503 388 558 ἀγωγὴν
417 503 596 545 ἑοικέναι
628 507 709 548 τοῖς
740 506 825 543 τῶν
851 502 1076 554 κεραμέων
1100 501 1337 556 πλάσμασιν
1363 499 1437 555 (cf.
1465 501 1628 548 ἁπαλός
1647 535 1655 543 .
1677 535 1686 543 .
1705 532 1714 542 .
1739 503 2033 557 σχηματίζουσι

213 576 282 616 καὶ
307 574 584 628 ῥυθμίζουσιν
604 606 611 614 .
634 606 642 614 .
665 606 672 614 .
699 574 874 619 τελείους
895 574 1150 626 γενομένους
1170 573 1506 627 ἄμεταπλάστους
1525 574 1738 628 γίνεσθαι).
1762 573 2032 616 Iamblichus

213 645 338 699 epist.
367 644 424 686 ad
452 644 638 698 Sopatr,
668 642 777 686 Stob
805 643 911 686 ibid.
939 645 1043 686 233:
1073 643 1126 685 de
1157 642 1359 685 Platonis
1389 643 1494 698 Leg.
1524 645 1608 686 765
1627 643 1667 686 Ε
1694 644 1866 686 initium
1893 644 2029 698 capit:

212 718 367 763 παντὸς
393 718 509 771 ζῴου
535 718 605 758 καὶ
630 719 765 770 φυτοῦ
793 717 818 770 ἡ
845 717 993 771 πρώτη
1019 717 1173 770 βλάστη
1201 717 1344 762 καλῶς
1371 715 1607 770 ὁρμηθεῖσα
1631 717 1738 770 πρὸς
1762 717 1836 771 τὴν
1859 718 2033 759 ἑκάστου

213 789 362 843 ἀρετὴν
393 789 637 842 κυριωτάτη,
681 785 840 828 deinde
884 802 927 841 p.
961 787 1060 838 234,
1107 788 1132 828 4
1175 789 1199 842 ἡ
1239 787 1351 840 ὀρθὴ
1396 787 1562 829 παιδεία
1582 819 1591 828 .
1613 819 1622 828 .
1642 818 1651 828 .
1691 789 1907 841 σπέρματα
1949 791 2033 830 τῶν

214 862 375 913 ἀρετῶν
418 860 500 914 ἤδη
544 858 1020 913 προκαταβαλλομένηῑ)
1063 860 1133 900 καὶ
1172 859 1217 899 ἐν
1255 858 1434 905 ἁπαλαῖς
1469 857 1537 900 ἔτι
1561 859 1631 900 καὶ
1667 859 1836 913 ἀβάτοις
1878 862 2034 913 ψυχαῖς

214 931 465 984 ’θαυμαστὴν
504 931 712 972 οἷκείωσιν
751 933 985 983 ἐμποιοῦσα
1025 930 1133 983 πρὸς
1169 930 1242 984 τὴν
1284 933 1370 971 τῶν
1413 929 1559 971 καλῶν
1596 931 1848 984 ἒπιτήδειαν;
1892 928 2033 971 verbis

216 1001 500 1055 sequentibus
546 1000 703 1054 quanti
748 1001 805 1041 sit
849 1000 1053 1052 omnium,
1107 999 1183 1054 qui
1228 999 1347 1042 circa
1389 999 1583 1041 infantes
1627 1003 1740 1051 sunt,
1777 999 2035 1054 exemplum,

215 1073 471 1128 exprimitur
503 1073 602 1125 234,
637 1074 658 1114 7
692 1076 866 1126 πρῶτον
895 1072 973 1126 μὲν
1006 1072 1082 1114 οὗν
1116 1072 1182 1114 διὰ
1214 1075 1300 1114 τῶν
1331 1072 1572 1126 αἰσθήσεων
1602 1072 1646 1113 ἓν
1670 1073 1796 1125 πατρὶ
1818 1073 1889 1114 καὶ
1911 1072 2035 1127 μητρὶ

213 1147 284 1187 καὶ
323 1146 587 1199 παιδαγωγῷ
627 1145 697 1186 καὶ
741 1144 984 1197 διδασκάλῳ
1027 1145 1229 1197 προτείνει
1270 1143 1538 1198 παράδειγμα
1576 1147 1662 1185 τῶν
1699 1145 1846 1185 καλῶν
1883 1145 2034 1198 ἔργων,

216 1215 374 1257 deinde
413 1217 461 1258 τὰ
498 1216 707 1258 σπουδαῖα
741 1216 828 1270 ἤθη
863 1213 968 1256 solis
1000 1215 1141 1257 ἔθεσιν
1172 1213 1268 1256 fieri
1301 1213 1718 1264 demonstratur,'id
1750 1213 1869 1267 quod
1901 1227 2036 1268 supra

213 1287 451 1341 praecipue
501 1286 810 1340 Peripateticis
859 1285 1132 1326 vindicatum
1183 1288 1261 1327 est.
1319 1283 1462 1339 Quam
1519 1283 1751 1326 Iamblichi
1800 1284 2035 1339 epistulam

215 1357 543 1400 Ps-Plutarchi
567 1356 717 1399 libello
743 1356 893 1398 multis
921 1356 1063 1398 modis
1092 1356 1280 1398 similem
1306 1370 1400 1398 esse
1426 1356 1580 1410 negari
1605 1371 1694 1398 non
1720 1356 1878 1410 potest.
1903 1355 2034 1399 Nunc

215 1429 271 1471 ad
317 1428 489 1471 Stoicos
533 1432 810 1470 transeamus
856 1431 988 1482 atque
1034 1427 1080 1469 id
1124 1427 1365 1482 praecipue
1410 1427 1623 1482 indagare
1669 1441 1887 1479 conemur,
1929 1441 2034 1469 num

215 1500 322 1555 quid
354 1500 401 1542 in
433 1514 486 1542 ea
517 1513 562 1541 re
596 1500 710 1541 inter
741 1503 931 1541 veterem
957 1513 1009 1540 ac
1036 1498 1231 1540 mediam
1259 1497 1411 1541 Stoam
1438 1498 1697 1541 interfuerit.
1731 1497 1875 1553 Quam
1901 1511 2032 1552 quae-

215 1572 401 1614 stionem
446 1585 544 1613 cum
588 1571 654 1622 iis,
701 1584 815 1624 quae
861 1584 995 1624 supra
1040 1570 1093 1612 de
1124 1568 1473 1628 {consuetudinis
1509 1569 1718 1626 (ἐθισμός)
1756 1570 1799 1611 vi
1835 1569 2036 1624 exposita

216 1646 330 1695 sunt,
368 1646 462 1685 arte
502 1642 782 1684 coniunctam
822 1655 916 1683 esse
955 1645 1299 1684 consentaneum
1338 1645 1416 1683 est.
1455 1641 1802 1696 Chrysippum
1841 1642 1886 1683 in
1922 1640 2035 1686 libro

216 1715 269 1756 de
302 1729 539 1769 puerorum
571 1713 834 1756 educatione
867 1713 1117 1767 conscripto
1151 1727 1227 1755 eas
1260 1726 1329 1754 res
1363 1713 1539 1767 copiose
1564 1713 1823 1755 tractavisse
1849 1726 1873 1754 e
1899 1711 2035 1767 Quin-

215 1786 361 1828 tiliani
399 1786 683 1827 Institutione
724 1785 919 1827 oratoria
959 1784 1251 1827 concluditur.
1295 1783 1384 1839 Qui
1422 1784 1546 1826 illum
1582 1783 1740 1826 laudat
1775 1784 1884 1827 Inst.
1922 1797 1982 1826 or.
2012 1782 2038 1825 Ι

219 1860 254 1910 1,
288 1861 314 1899 4
335 1892 342 1899 .
365 1890 373 1898 .
394 1890 402 1898 .
422 1857 686 1908 nutricibus;
706 1870 816 1911 quas
835 1857 876 1898 si
894 1857 997 1911 fieri
1018 1859 1171 1911 posset,
1189 1856 1405 1911 sapientes
1427 1855 1704 1911 Chrysippus
1727 1855 1900 1910 optavit,
1931 1857 2038 1897 certe

215 1931 430 1983 quantum
469 1942 538 1970 res
571 1931 808 1982 pateretur,
847 1928 1035 1982 optimas
1075 1927 1177 1983 eliyi
1215 1928 1363 1969 voluit.
1400 1926 1525 1968 Idem
1564 1925 1722 1968 deinde
1760 1926 1946 1981 exigitur
1982 1925 2036 1968 de

218 2000 367 2054 pueris
401 1998 583 2041 servulis
621 1999 684 2055 (8)
718 2002 760 2040 et
792 1999 1077 2053 paedagogis,
1109 1998 1134 2040 I
1166 2001 1206 2051 2,
1239 2000 1354 2041 6-8
1389 1998 1442 2040 de
1473 1997 1602 2040 malis
1632 2002 1865 2052 parentum
1896 2011 2036 2040 exem-

215 2070 301 2125 plis
340 2071 503 2124 agitur:
540 2070 599 2125 fit
628 2084 679 2112 σω
716 2070 786 2111 liis
817 2071 1087 2124 consuetudo,
1123 2070 1225 2112 inde
1265 2074 1438 2112 natura.
1471 2067 1669 2124 Quorum
1699 2072 2036 2124 praeceptorum

215 2142 329 2184 ratio
362 2141 593 2183 exhibetur
623 2141 647 2182 Ι
683 2142 718 2192 1,
752 2143 776 2182 5
815 2145 980 2183 natura
1019 2141 1289 2183 tenacissimi
1324 2154 1480 2183 sumus
1517 2155 1679 2195 eorum,
1715 2154 1824 2195 quae
1852 2139 2037 2183 rudibus

218 2214 381 2255 animis
404 2213 691 2268 percepimus,
722 2216 968 2265 sequuntur
999 2211 1200 2265 exempla
1234 2213 1386 2266 (sapor
1418 2225 1469 2253 ac
1495 2225 1613 2264 vasa,
1637 2211 1742 2253 lana
1768 2215 1812 2253 et
1837 2210 2036 2267 colores).

216 2284 390 2326 Deinde
423 2283 446 2326 Ι
479 2286 517 2335 1,
551 2286 607 2326 15
645 2284 801 2325 melius
831 2287 991 2337 autem,
1029 2284 1109 2338 qui
1138 2283 1313 2338 nullum
1345 2287 1514 2338 tempus
1544 2297 1700 2325 vacare
1736 2296 1844 2325 cura
1874 2283 2038 2336 volunt,

214 2359 264 2397 ut
295 2356 590 2410 Chrysipqu
621 2369 726 2397 nam
753 2356 804 2409 is,
835 2355 1032 2409 quamvis
1058 2354 1309 2397 nutricibus
1342 2354 1586 2396 triennium
1610 2353 1785 2409 dederit,
1815 2358 1960 2396 tamen
1983 2354 2037 2396 ab

215 2428 307 2469 illis
339 2440 506 2481 quoque
537 2427 622 2468 iam
653 2426 934 2480 formandam
967 2439 1097 2479 quam
1130 2426 1310 2480 optimis
1341 2425 1561 2467 institutis
1584 2428 1766 2467 mentem
1790 2425 2036 2480 infantium

217 2499 395 2551 iudicat,
439 2497 463 2539 Ι
503 2498 569 2549 10,
616 2498 671 2538 32
712 2501 749 2539 et
796 2497 1070 2552 Chrysippus
1112 2497 1243 2539 ctiam
1290 2497 1516 2538 nutricum
1552 2496 1634 2550 illi,
1669 2510 1779 2551 quae
1813 2495 2038 2538 adhibetur

216 2569 469 2623 infantibus
494 2569 782 2622 adlectationi,
806 2583 935 2610 suum
967 2568 1183 2623 quoddam
1210 2582 1384 2610 carmen
1407 2568 1621 2622 adsiynat.
1655 2566 1776 2609 Num
1803 2566 2037 2622 Chrysippi

216 2639 328 2682 liber
367 2639 633 2694 Quintiliani
676 2639 778 2681 fons
822 2639 953 2681 fuerit
997 2638 1067 2681 vel
1107 2643 1325 2693 quatenus
1362 2638 1417 2680 ab
1458 2652 1508 2680 eo
1548 2637 1771 2680 adhibitus
1809 2638 1876 2690 sit,
1919 2652 2036 2680 nunc

217 2725 307 2753 non
347 2716 413 2753 est
449 2710 768 2765 quaerendum:
807 2725 860 2753 ea
898 2724 1010 2764 quae
1050 2710 1180 2752 attuli
1221 2723 1422 2764 quaeque
1461 2709 1556 2752 sola
1587 2710 1634 2752 in
1665 2709 1748 2751 hac
1780 2709 2037 2763 quaestione

217 2781 377 2835 valent,
425 2796 505 2835 pro
557 2786 675 2824 certo
719 2781 785 2823 illi
830 2781 1093 2836 philosopho
1142 2781 1324 2824 attribui
1367 2784 1565 2835 possunt.
1620 2779 1788 2835 Quibus
1831 2795 1886 2823 ex
1926 2780 2036 2823 locis
2112 2795 2114 2797 ’

176 2901 179 2904 ‚
214 2854 418 2907 sequitur
443 2853 736 2909 Chrysippum
764 2853 817 2895 de
851 2867 903 2895 ea
928 2867 975 2895 re
1003 2852 1341 2907 diligentissime
1366 2853 1644 2907 praecepisse
1671 2855 1803 2906 atque
1829 2852 2035 2905 omnium,

363 2959 388 3004 ²)
426 2959 523 2994 Item
549 2959 728 2994 Ps.-Plut.
754 2959 840 2994 213:
865 2965 929 3005 γῆ,
956 2959 1192 3005 φυτουργὸς,
1219 2959 1425 3005 σπέρματα
1450 2979 1494 2984 ——
1521 2959 1543 3004 ἡ
1569 2959 1684 3004 ψυχή,
1711 2958 1734 2994 ὁ
1757 2957 1972 3003 παιδεύων,
1995 2959 2036 2994 αἱ

214 3024 299 3053 τῶν
324 3019 462 3063 λόγων
487 3019 679 3064 ὑποθῆκαι
705 3020 768 3054 καὶ
794 3019 842 3054 τὰ
867 3019 1193 3065 παραγγέλματα.
1223 3018 1308 3052 Hoc
1335 3029 1480 3062 quoque
1506 3018 1589 3053 loco
1613 3018 1652 3062 (4
1666 3017 1708 3062 O)
1734 3017 1963 3063 comparatio
1989 3017 2035 3052 ab

217 3077 450 3122 agricultura
475 3078 593 3121 petita
619 3077 830 3114 adhibetur.
