2138 3438
963 116 1256 159 „50—

203 260 287 301 670
321 258 484 301 collata
516 262 650 312 atque
693 257 918 300 luculente
957 257 1195 312 explanata
1227 259 1388 313 sunt1).
1453 258 1579 314 Quae
1609 259 1722 302 ratio
1753 259 1870 302 inter
1901 263 2020 303 artes

199 330 404 372 liberales
447 329 514 371 vel
557 329 848 372 eruditionem
893 342 1165 371 communem
1208 332 1252 371 et
1293 329 1622 384 philosophiam
1665 330 1812 384 fuerit,
1849 330 1924 373 ille
1944 325 2022 373 'vir

202 402 358 443 doctus
400 401 465 443 ita
507 400 599 443 fere
642 401 839 455 exponit:
886 401 987 442 inde
1021 414 1048 442 a
1080 400 1268 442 Platone
1301 401 1417 443 inter
1461 401 1753 444 eruditionem
1784 401 2021 456 vulgarem,

201 470 314 527 quae
345 471 475 526 utilia
508 472 705 514 docendo
733 473 847 514 vitae
879 472 1165 513 necessitates
1191 471 1385 526 respicit,
1419 475 1464 514 et
1494 472 1800 528 philosophiae
1825 473 2020 515 studium

202 545 423 587 contentio
456 547 564 585 erat.
624 543 669 585 N
672 557 728 585 on
762 543 958 594 deerant,
1004 543 1080 596 qui
1112 542 1235 584 illum
1267 544 1407 585 secuti
1437 543 1662 598 vulgarem
1698 544 2022 587 institutionem

201 615 332 670 plane
371 618 734 670 aspernarentur:
781 613 948 669 Cynici,
980 618 1104 656 vetus
1138 613 1260 666 Stoa,
1297 614 1534 669 Epicurus,
1578 615 1771 670 Sceptici
1811 616 1859 657 in
1889 628 1943 658 ea
1972 627 2020 657 re

201 687 493 729 consentiunt.
539 685 707 728 Contra
741 685 818 727 alii
862 685 1052 727 mediam
1083 689 1321 728 tenuerunt
1352 686 1467 728 viam
1500 687 1575 738 ita,
1616 691 1665 728 ut
1695 686 2020 741 philosophiam

200 758 379 812 reliquis
430 757 636 809 scientiis,
689 757 869 810 artibus,
918 757 1002 799 toti
1052 756 1290 798 eruditioni
1339 761 1569 812 tamquam
1619 762 1754 812 caput
1800 757 2019 811 finemque

200 829 490 884 praeficerent
521 842 684 882 easque
717 828 971 882 probarent,
1019 831 1237 881 quatenus
1270 828 1328 870 ad
1367 842 1583 870 summum
1628 829 1834 882 studium,
1875 828 2020 883 philo-

201 900 403 954 sophiam
443 900 638 941 animum
676 903 949 953 praeparant
980 898 1330 955 (προπαιδεύειν).
1361 899 1436 941 Ita
1468 900 1634 953 primus
1659 899 1881 942 Isocrates
1915 900 2021 954 Περὶ

201 974 375 1015 ἀντιδόσ.
408 973 492 1014 261
528 985 590 1025 sq.
630 970 880 1027 (γυμνασίαν
922 976 992 1026 τῆς
1032 976 1173 1026 ψυχῆς
1225 972 1294 1013 καὶ
1336 972 1607 1026 παρασκευὴν
1637 977 1709 1026 τῆς
1739 970 2021 1028 φιλοσοφίας),

201 1042 359 1085 deinde
390 1046 566 1097 praeter
598 1042 709 1084 alios
742 1042 981 1096 praecipue
1008 1042 1276 1084 Posidonius
1312 1055 1364 1084 ac
1390 1042 1538 1084 media
1564 1040 1673 1084 Stoa
1700 1042 2021 1096 censuerunt2).

202 1114 346 1169 Quam
390 1117 545 1168 postea
579 1112 825 1167 complures
871 1112 1126 1167 philosophi
1169 1113 1309 1155 secuti
1352 1117 1467 1165 sunt,
1511 1116 1563 1155 ut
1593 1111 1762 1155 Seneca
1800 1116 1844 1155 et
1873 1111 2018 1155 Philo.

201 1184 466 1228 Conferatur
492 1184 686 1227 Senecae
714 1185 947 1236 sententia,
974 1184 1057 1238 Ep.
1078 1186 1149 1236 88,
1185 1186 1205 1226 1
1242 1184 1439 1227 liberalia
1463 1185 1611 1227 studia
1635 1185 1844 1228 haetenus
1875 1184 2021 1239 utilia,

201 1258 242 1298 si
278 1259 549 1311 praeparant
597 1257 839 1311 inqenium,
894 1270 985 1298 non
1033 1257 1333 1299 detinent...
1365 1289 1373 1297 .
1401 1257 1654 1298 rudimenta
1702 1260 1812 1298 sunt
1856 1259 2020 1310 nostra,

201 1342 291 1370 non
333 1341 463 1382 opera
491 1362 499 1370 .
529 1360 538 1370 .
566 1363 572 1369 .
605 1341 696 1369 non
740 1328 898 1369 discere
942 1328 1141 1369 debemus
1183 1328 1284 1382 ista,
1317 1329 1390 1369 sed
1431 1328 1640 1369 didicisse.
1671 1326 1804 1369 Hanc
1835 1325 2021 1369 eandem

200 1398 290 1441 fere
321 1398 650 1441 Ps.-Plutarchi
691 1398 943 1453 opinionem
987 1412 1081 1440 esse
1123 1398 1257 1440 facile
1294 1397 1524 1453 probatur:
1570 1413 1673 1440 nam
1703 1412 1887 1453 puerum
1915 1400 2021 1454 μήτε

202 1472 388 1525 ἀνήκοον
418 1472 520 1525 μήτε
553 1471 737 1513 ἀθέατον
764 1483 859 1512 esse
885 1470 1007 1512 iubet
1038 1469 1281 1512 studiorum
1306 1469 1569 1519 liberalium,
1599 1472 1672 1525 τὴν
1697 1470 1743 1513 δὲ
1768 1471 2021 1525 φιλοσοφίαν

201 1543 454 1597 πρεσβεύειν.
488 1540 608 1596 Quid
638 1540 716 1602 illa
748 1540 897 1583 studia
927 1541 1111 1596 prosint,
1156 1555 1246 1583 non
1278 1540 1483 1594 explicat,
1524 1540 1602 1583 sed
1633 1540 1727 1582 sine
1761 1539 1895 1582 dubio
1927 1540 2020 1582 eius

203 1626 376 1666 quoque
422 1612 642 1654 sententia
685 1612 743 1653 ad
787 1611 1093 1666 philosophiae
1133 1612 1456 1654 institutionem
1487 1610 1844 1666 praeparandam
1875 1610 2022 1653 valent

203 1683 272 1736 (ef.
305 1685 370 1726 δεῖ
395 1689 470 1739 τῆς
500 1685 629 1739 ἄλλης
652 1685 843 1730 παιδείας
867 1685 1011 1738 ὥσπερ
1044 1685 1274 1738 κεφάλαιον
1304 1688 1436 1726 ποιεῖν
1465 1685 1539 1738 τὴν
1563 1684 1844 1738 φιλοσοφίαν).
1877 1680 2022 1737 Quam

204 1755 257 1797 ob
285 1769 377 1796 rem
403 1754 560 1797 Bionis
588 1754 766 1808 dictum,
801 1754 920 1808 quod
947 1754 1005 1796 ad
1031 1769 1122 1796 rem
1146 1754 1460 1796 illustrandam
1485 1753 1679 1805 adhibet,
1703 1767 1793 1796 non
1819 1753 2021 1807 quadrat,

204 1827 364 1881 quippe
396 1826 515 1880 quod
549 1840 601 1868 ex
633 1826 726 1868 eius
753 1826 972 1868 sententia
998 1826 1068 1878 sit,
1099 1826 1175 1879 qui
1201 1825 1348 1867 studia
1373 1825 1578 1867 liberalia
1602 1825 1733 1879 plane
1759 1827 2021 1879 aspernatur

203 1902 247 1939 et
278 1897 335 1939 ad
365 1897 691 1952 philosophiam
723 1898 855 1940 etiam
881 1898 974 1939 sine
999 1897 1089 1939 illis
1112 1897 1332 1952 perveniri
1357 1910 1484 1951 posse
1510 1900 1660 1939 censet
1670 1897 1714 1950 3).
1745 1895 2022 1939 Concludere

202 1969 306 2010 licet
347 1968 460 2010 illud
505 1968 673 2010 dictum
717 1968 896 2022 vulgare
941 1983 992 2011 ac
1035 1968 1228 2011 facetum
1274 1983 1300 2011 a
1346 1969 1558 2022 scriptore
1601 1966 1830 2010 undelibet
1859 1971 2020 2009 temere

202 2041 416 2082 insertum
444 2040 597 2092 esse4).
625 2039 673 2082 Si
701 2039 892 2093 denique
917 2039 1242 2082 Ps.-Plutarchi
1268 2040 1486 2094 opinionis
1506 2042 1730 2081 auctorem
1756 2038 2020 2093 quaerimus,

204 2125 302 2154 eum
335 2109 586 2153 Stoicorum
630 2111 875 2153 sententias
908 2112 1031 2164 sequi
1073 2125 1153 2165 per
1191 2124 1235 2153 se
1269 2110 1506 2153 verisimile
1537 2110 1722 2164 videtur,
1765 2124 1875 2163 cum,
1907 2122 2021 2164 quae

204 2186 458 2236 sequuntur,
503 2181 736 2223 adicienda
777 2182 880 2233 sint3
923 2185 1072 2223 tamen
1104 2208 1162 2213 ———
1192 2182 1240 2223 id
1272 2182 1390 2236 quod
1420 2181 1633 2225 facillime
1665 2181 1933 2224 concluseris
1963 2205 2020 2211 —

203 2254 295 2295 eius
327 2252 537 2295 iudicium
567 2252 739 2294 mediae
772 2251 907 2295 Stoae
938 2266 1016 2306 pro
1048 2256 1166 2294 certo
1200 2253 1384 2295 attribui
1414 2267 1504 2295 non
1535 2256 1694 2307 potest.
1738 2252 1857 2295 Nam
1887 2252 2022 2295 ctiam

204 2324 474 2379 Chrysippus
506 2327 661 2366 contra
691 2324 930 2376 Zenonem,
962 2323 1038 2377 qui
1069 2323 1234 2378 Cynica
1274 2324 1447 2365 ratione
1477 2325 1551 2378 τὴν
1581 2325 1803 2378 ἐγκύκλιον
1830 2324 2022 2366 παιδείαν

202 2398 410 2451 ἄχρηστον
442 2409 536 2437 esse
570 2395 848 2437 confirmavit
878 2394 1028 2449 (Diog.
1061 2394 1209 2436 Laert.
1237 2394 1332 2438 VII
1357 2396 1442 2448 32),
1477 2394 1540 2436 ita
1566 2395 1753 2436 censuit:
1785 2397 2021 2449 εὐχρηστεῖν

205 2468 250 2509 δὲ
276 2469 346 2509 καὶ
370 2468 418 2509 τὰ
443 2468 639 2522 ἐγκύκλια
673 2468 920 2522 μαθήματα.
957 2464 1199 2508 Consimile
1231 2469 1381 2508 autem
1411 2463 1668 2507 Aristotelis
1700 2464 1911 2506 iudicium
1941 2468 2021 2518 est,

205 2538 323 2591 quod
355 2541 500 2579 exstat
531 2538 662 2592 Diog.
695 2537 745 2579 L.
772 2537 815 2581 V
848 2539 901 2579 31
936 2539 1143 2592 εὔχρηστα
1175 2538 1222 2580 δὲ
1253 2539 1324 2579 καὶ
1353 2537 1402 2578 τὰ
1433 2537 1630 2592 ἐγκύκλια
1654 2538 1889 2591 μαθήματα
1913 2537 2022 2590 πρὸς

346 2643 372 2687 1)
399 2643 598 2678 Accedunt
624 2643 788 2678 eiusdem
816 2643 1074 2678 additamenta
1093 2642 1219 2678 Fleck.
1239 2641 1373 2678 Jahrb.
1398 2641 1528 2687 Suppl.
1549 2641 1656 2683 XIX,
1683 2641 1717 2686 2,
1736 2653 1770 2686 p.
1795 2641 1866 2677 418
1893 2641 1977 2676 adn.
2000 2643 2016 2676 l

205 2705 240 2737 et
267 2702 422 2747 XVIII,
448 2714 483 2747 p.
511 2701 591 2738 315.

346 2762 377 2804 2)
403 2762 519 2797 Nord.
547 2762 571 2796 1.
598 2763 623 2800 l.
648 2773 683 2806 p.
711 2762 779 2797 671
820 2762 904 2797 adn.
932 2763 968 2806 33
1014 2762 1101 2797 addi
1139 2764 1296 2806 possunt
1320 2761 1634 2796 Academicorum
1660 2760 1763 2795 dicta
1789 2760 1888 2805 apud
1913 2759 2019 2796 Stob.

204 2822 286 2857 Ecl.
311 2820 354 2856 II
382 2834 411 2856 c.
438 2821 584 2861 XXXI,
610 2823 653 2856 27
682 2821 888 2863 Crantoris,
914 2821 959 2856 28
985 2820 1182 2864 Arcesilai,
1210 2821 1274 2856 111
1304 2820 1537 2856 Xenocrati&

348 2880 376 2926 3)
403 2880 513 2926 Quod
550 2880 693 2915 dictum
720 2892 741 2915 a
779 2880 941 2915 Stobaeo
967 2881 1149 2925 Aristoni,
1188 2892 1210 2915 a
1240 2879 1408 2925 Diogene
1434 2878 1477 2914 L.
1502 2877 1561 2923 (ΙΙ
1587 2880 1647 2924 29)
1683 2879 1878 2924 Aristippo
1909 2877 2020 2913 datur

205 2940 265 2983 (cf.
287 2940 451 2975 Norden.
477 2941 501 2974 Ι.
527 2941 551 2974 l.
578 2944 615 2975 et
641 2940 779 2985 Hense,
807 2940 925 2975 Telet.
953 2940 1084 2984 reliqu.
1110 2952 1145 2985 p.
1166 2938 1344 2982 LXVII).
1371 2938 1460 2974 Sine
1487 2939 1600 2973 dubio
1620 2939 1687 2974 tali
1704 2939 1868 2984 opinioni
1890 2940 2016 2982 aptum

204 3002 271 3042 est,
298 2999 417 3043 qualis
443 3003 525 3034 erat
551 2999 777 3043 Cynicorum
804 2999 987 3034 veterisve
1014 2998 1139 3034 Stoae.

347 3058 375 3102 4)
402 3058 536 3093 Altera
561 3059 699 3104 imago,
726 3069 798 3102 qua
836 3059 997 3103 scriptor
1021 3058 1152 3102 utitur,
1179 3058 1292 3092 simili
1319 3057 1471 3092 cuidam
1497 3057 1710 3103 respondet,
1735 3068 1830 3102 quae
1848 3057 1948 3092 viam
1975 3067 2019 3091 ac

206 3116 437 3151 deverticula
463 3117 634 3162 depingit
662 3120 712 3160 (v.
738 3117 892 3152 Norden
911 3118 936 3152 l.
956 3118 979 3152 l.
999 3129 1034 3161 p.
1054 3117 1122 3152 671
1150 3119 1188 3152 et
1207 3116 1341 3152 Jahrb.
1367 3118 1405 3153 S.
1427 3116 1580 3161 XVIII,
1606 3129 1642 3162 p.
1662 3116 1758 3161 315).
