2138 3438
953 130 1249 172 —100—

190 278 316 322 νὲσεις
353 277 479 330 τύχης
493 275 523 329 l)
569 276 670 320 ἴσως
701 275 826 329 ἔργον
858 275 975 321 ἐστίν,
1019 273 1063 314 τὸ
1103 272 1149 314 δὲ
1180 271 1250 317 τὰς
1281 272 1448 318 πλείους
1481 271 1668 326 ζηλῶσαι
1700 272 1770 312 καὶ
1800 272 1900 314 αὐτὸ
1931 271 2008 325 μὲν

188 349 402 402 εὐμοιρίας
423 347 623 401 δεόμενον
648 348 762 388 ἐστιν.
795 342 1026 386 Eiusmodi
1047 342 1276 397 opiniones
1297 340 1474 385 Stoicae
1493 355 1584 384 non
1605 344 1723 383 sunt:
1757 340 2008 384 Stoicorum

188 418 410 461 sententia
441 418 478 459 is
510 416 644 469 solus,
686 416 762 472 qui
793 415 953 458 virtute
986 414 1216 456 absolutus
1248 427 1300 455 ac
1331 412 1552 468 perfectus
1584 416 1662 463 est,
1694 415 1896 469 θεοφιλής
1927 416 2006 466 est,

188 505 214 532 a
247 489 327 546 deo
368 487 566 544 diligitur
603 488 783 542 eiusque
821 485 1128 529 benevolentia
1175 485 1333 539 dignus
1373 484 1494 538 est2),
1539 499 1642 537 non,
1686 489 1735 527 ut
1766 483 1884 539 apud
1915 484 2008 528 Ps.-
2063 540 2067 541 ⁷

189 561 492 613 Plutarchum,
533 560 639 615 quia
670 560 874 615 θεοφιλής
907 561 987 610 est,
1030 556 1130 599 ideo
1164 555 1478 620 perfectionem
1510 556 1784 611 adipiscitur.
1834 555 2007 599 Eodem
2048 598 2051 600 ,

186 634 316 676 1110ᾶο
353 633 466 688 Τύχη
500 645 674 686 quoque
709 630 861 673 Stoica
894 629 1111 671 diversam
1142 628 1369 671 notionem
1399 627 1551 670 habet:
1583 628 1737 694 virtuti
1767 642 2007 682 numquam

187 704 334 747 obstat
375 717 518 758 neque
562 703 609 744 in
641 701 853 756 sapientis
899 701 1044 743 animo
1085 700 1322 754 quicquam
1353 699 1481 742 valet.
1524 698 1611 741 Illa
1644 702 1791 741 autem
1821 702 2007 749 naturae

189 775 459 831 praestantis
491 774 612 817 notio
652 772 720 816 vel
752 772 932 815 fortuna
963 771 1192 827 praeditae
1236 771 1305 814 vel
1338 785 1364 813 a
1397 771 1491 813 deis
1524 769 1711 813 dilectae
1743 770 2006 825 Peripateti-

187 862 337 890 corum
375 846 670 902 posteriorum
715 843 996 899 opinionibus
1040 842 1282 885 consimilis
1316 847 1392 885 est.
1437 843 1581 898 Quam
1619 856 1710 884 rem
1746 843 1834 884 iam
1872 856 2007 897 supra

185 918 490 971 tractavimus;
523 931 640 959 nunc
672 918 799 972 τύχης
821 918 1085 957 momentum
1105 913 1366 957 illustretur:
1396 913 1501 956 Eth.
1522 913 1706 956 Eudem.
1738 913 1763 956 I
1791 915 1905 956 1214
1923 913 1951 956 b
1979 915 2005 956 6

188 993 350 1034 ἅπαντα
387 991 456 1032 τὸν
498 991 731 1043 δυνάμενον
763 990 839 1043 ζῆν
871 988 974 1029 κατὰ
1006 988 1078 1042 τὴν
1110 988 1238 1029 αὑτοῦ
1270 988 1511 1041 προαίρεσιν
1542 987 1697 1028 θέσθαι
1727 986 1812 1028 τινὰ
1844 987 2006 1029 σκοπὸν

184 1067 258 1104 τοῦ
292 1063 434 1108 καλῶς
467 1064 542 1117 ζῆν
580 1064 623 1102 et
655 1058 951 1115 Theophrasti
990 1058 1122 1100 verba
1160 1057 1281 1112 apud
1313 1056 1435 1100 Stob.
1467 1057 1565 1102 Eol.
1598 1057 1646 1099 Π
1678 1072 1721 1111 p.
1749 1058 1848 1111 240,
1881 1058 1905 1099 6
1934 1056 2006 1100 W.

186 1135 278 1176 ὅσοι
305 1134 350 1175 δὲ
377 1135 596 1188 τραφέντες
627 1133 878 1186 ἐλευθερίως
910 1132 979 1173 καὶ
1010 1132 1210 1185 χορηγίαν
1242 1132 1403 1185 ἔχοντες
1436 1131 1594 1184 ἱκανήν,
1626 1130 1803 1176 ὡστ’-εἶς
1835 1131 2004 1172 ὁποιον-

187 1210 264 1248 οῦν
304 1207 397 1260 βίον
439 1206 575 1247 ἐλθεῖν
620 1221 659 1246 κ.
693 1220 723 1245 τ.
749 1204 782 1245 λ.
828 1201 1112 1244 conferantur
1156 1215 1254 1243 cum
1298 1200 1652 1256 Ps.-Plutarcho,
1697 1203 1773 1255 qui
1816 1200 1884 1253 iis,
1930 1200 2006 1255 qui

186 1279 446 1331 paupertate
478 1275 569 1317 vita
601 1274 783 1316 cultiore
815 1273 1115 1328 prohibentur,
1150 1273 1325 1315 suadet:
1356 1275 1597 1327 πειραστέον
1628 1273 1705 1328 μὲν
1737 1273 1814 1315 οὖν
1844 1275 1901 1320 εἷς
1933 1273 2004 1315 δι’·-

186 1365 308 1402 ναμιν
345 1349 417 1403 τὴν
449 1349 663 1402 κρατίστην
701 1347 871 1401 ἀγωγὴν
909 1347 1119 1388 ποιεῖσθαι
1156 1350 1241 1387 τῶν
1277 1347 1445 1387 παίδων
1484 1347 1552 1387 καὶ
1583 1350 1666 1391 τοῖς
1697 1347 1860 1400 πένησι·
1892 1346 1930 1387 εἶ
1959 1345 2004 1386 δὲ

185 1422 258 1474 μή,
290 1425 338 1474 τῇ
371 1436 415 1474 γε
441 1420 594 1473 δυνατῇ
626 1419 838 1472 χρηστέον.
870 1415 1120 1461 Verisimile
1153 1416 1291 1471 igitur
1322 1420 1388 1458 est
1421 1415 1645 1470 scriptoris
1678 1415 1928 1469 opinionem
1958 1415 2005 1456 in

184 1504 237 1532 ea
268 1504 313 1532 re
346 1489 476 1531 valde
504 1489 556 1530 de
577 1488 888 1542 Peripateticis
915 1487 1128 1542 pendere;
1162 1487 1357 1529 eiusdem
1377 1491 1443 1529 est
1463 1487 1521 1528 ad
1541 1487 1744 1529 virtutem
1763 1486 2005 1541 perfectam

188 1548 368 1604 deorum
401 1559 752 1602 benevolentiam
790 1563 834 1602 et
864 1560 922 1601 ad
955 1560 1165 1613 optimam
1201 1558 1336 1601 vitam
1369 1558 1570 1601 fortunae
1604 1558 1722 1600 dona
1752 1557 2004 1600 necessaria

187 1633 346 1675 ducere
358 1632 404 1689 3).
432 1631 730 1687 Quamobrem
751 1635 795 1674 et
814 1634 999 1673 naturae
1018 1630 1288 1685 praestantis
1307 1630 1428 1672 notio
1449 1629 1795 1684 Peripateticum
1815 1628 2004 1671 colorem

183 1704 328 1747 habet.
360 1703 589 1759 Temporis
621 1703 757 1758 igitur
786 1702 1016 1757 indagatio
1049 1703 1093 1744 in
1125 1702 1209 1744 hac
1241 1716 1287 1744 re
1319 1716 1408 1744 non
1438 1701 1623 1744 multum
1648 1701 1856 1756 proficere
1883 1700 2003 1744 vide-

184 1781 268 1819 tur.
318 1775 424 1818 Alia
457 1775 656 1831 exempla
687 1774 753 1816 illi
784 1778 978 1817 veterum
1016 1773 1379 1829 philosophorum
1417 1774 1700 1816 admirationi
1736 1773 2004 1828 requirenda

185 1851 300 1890 sunt.
332 1847 436 1890 Non
463 1851 540 1901 est,
573 1846 692 1901 quod
717 1846 967 1889 accuratius
994 1847 1332 1898 demonstretur,
1367 1845 1672 1888 eclecticorum
1696 1846 1881 1888 rationis
1908 1859 2002 1888 esse

183 1919 394 1974 pristinos
426 1918 713 1973 philosophos
739 1919 939 1961 venerari
966 1921 1099 1972 atque
1126 1932 1254 1960 verae
1280 1917 1525 1972 sapientiae
1553 1917 1685 1960 duces
1710 1917 1886 1961 habere.
1915 1917 2000 1970 Ita,

182 1995 231 2034 ut
262 1990 509 2045 exemplum
542 1989 735 2042 afferam,
770 2005 796 2032 a
816 1990 1058 2032 Posidonio
1079 1989 1377 2045 Pythagoram
1409 1992 1453 2031 et
1472 1988 1706 2032 Platonem
1730 1991 1846 2032 tanti
1872 1989 2001 2032 aesti-
2037 1975 2040 1979 ’

186 2066 325 2105 matos
369 2076 462 2104 esse
509 2064 695 2114 constat,
741 2066 788 2104 ut
830 2064 970 2116 magis
1003 2061 1262 2103 Platonicus
1302 2075 1435 2116 quam
1468 2060 1644 2104 Stoicus
1675 2065 1800 2104 esset.
1849 2059 2002 2116 Atque

182 2134 284 2177 inde
311 2133 366 2176 ab
393 2132 470 2176 illo
497 2133 737 2188 tempore4)
764 2136 960 2174 veterum
988 2133 1182 2175 studium
1208 2136 1252 2175 et
1278 2133 1614 2175 admirationem
1639 2132 1838 2187 viguisse,
1869 2133 2002 2175 etiam

183 2209 358 2248 auctam
390 2219 484 2248 esse
518 2208 861 2247 consentaneum
893 2208 977 2257 est;
1010 2207 1075 2246 ita
1102 2204 1219 2246 circa
1248 2204 1422 2246 initium
1448 2204 1541 2246 fere
1573 2204 1849 2246 saeculorum
1875 2202 2000 2246 Chri-

184 2280 427 2320 stianorum
453 2277 566 2319 duae
594 2275 772 2318 scholae
797 2290 948 2327 novae,
979 2279 1171 2317 veterum
1198 2275 1414 2327 cultrices,
1440 2275 1658 2327 oriuntur,
1690 2274 2002 2330 Neoplatonici

183 2352 226 2391 et
251 2348 614 2403 Neopythagorei
640 2348 716 2402 qui
734 2351 960 2390 vocantur.
992 2347 1096 2390 Non
1114 2347 1251 2401 igitur
1272 2346 1464 2389 alienum
1482 2347 1656 2388 videtur
1676 2346 2000 2389 Ps.-Plutarchi

183 2433 358 2474 quoque
377 2419 578 2462 Platonis
599 2422 641 2461 et
659 2419 937 2474 Pythagorae
959 2419 1297 2461 admirationem
1317 2418 1458 2460 eidem
1478 2416 1568 2460 fere
1589 2418 1727 2460 aetati
1740 2418 2001 2462 attribuere.

183 2492 225 2534 N
230 2505 279 2534 ec
300 2490 458 2533 desunt
478 2490 580 2543 alia,
603 2505 716 2546 quae
735 2490 852 2533 inter
871 2505 970 2533 eum
990 2494 1033 2532 et
1052 2489 1392 2545 philosophiam,
1415 2503 1547 2544 quam
1566 2488 1999 2544 Neopythagoricam

326 2608 354 2655 ¹)
380 2609 564 2644 Hercheri
591 2608 892 2644 emendationem
931 2607 1062 2654 (τύχης
1092 2619 1159 2653 pro
1186 2608 1316 2654 εὐχῆς)
1353 2607 1600 2643 necessariam
1626 2619 1704 2642 esse
1729 2610 1820 2652 puto
1845 2610 2001 2654 propter

185 2680 341 2714 sequens
368 2670 576 2715 εὐμοιρίας.

326 2728 353 2773 2)
379 2727 434 2763 Of.
462 2728 571 2763 Dion.
599 2727 726 2772 Chrys
755 2727 816 2763 Or.
844 2728 901 2772 69,
928 2729 950 2763 4
975 2729 1120 2773 ἀγαθοί
1145 2729 1231 2761 sunt
1255 2727 1471 2772 θεοφιλεῖς,
1496 2727 1604 2771 φίλοι
1627 2733 1710 2771 τοῖς
1727 2720 1853 2773 θεοῖςζ
1873 2725 1998 2763 εὐδαί-

179 2799 314 2832 μονες,
341 2788 427 2832 quia
453 2789 541 2822 sunt
565 2793 646 2823 τῶν
670 2788 775 2823 θεῶν
794 2788 1070 2833 ἐπιστήμονες,
1096 2788 1208 2832 ὅσιοι,
1234 2786 1430 2833 φρόνιμοι,
1454 2789 1584 2821 contra
1605 2787 1800 2832 ἄφρονεςε
1825 2788 1874 2822 οὐ
1890 2787 1999 2832 φίλοι

179 2853 264 2893 τοῖς
287 2848 407 2892 θεοῖς,
433 2846 639 2893 δυστυχεῖς.

325 2907 353 2951 ³)
380 2907 554 2942 Ceterum
581 2907 668 2942 talis
693 2908 809 2953 τύχης
842 2907 1054 2941 aestimatio
1083 2906 1312 2942 Graecorum
1338 2905 1575 2950 opinionibus
1602 2906 1862 2940 communibus
1888 2905 1997 2950 plane

182 2967 394 3011 respondet,
419 2966 617 3011 praecipue
643 2966 811 3011 priorum
837 2969 1059 3011 temporum,
1086 2965 1132 3001 cf.
1153 2965 1348 3001 Ps.-Isocr.
1375 2965 1484 3012 Πρὸς
1502 2966 1591 3011 Δημ.
1611 2965 1656 3000 34
1673 2966 1773 3012 ἡγοῦ
1789 2966 1998 3012 κράτιστον

182 3024 281 3061 εἶναι
305 3027 414 3071 παρὰ
435 3052 443 3060 .
465 3053 472 3060 .
493 3055 501 3062 .
520 3031 603 3061 τῶν
628 3028 736 3062 θεῶν
763 3028 916 3073 εὐτυχία
936 3054 944 3062 .
967 3053 975 3061 .
996 3054 1016 3072 .,
1042 3027 1088 3062 49
1113 3027 1136 3072 ἡ
1163 3027 1254 3073 τύχη
1276 3053 1284 3060 .
1305 3053 1313 3061 .
1335 3053 1342 3061 .
1365 3028 1499 3072 αὐτοῖς
1512 3027 1689 3073 χρήματα
1708 3025 1910 3073 καὶδόξαν
1933 3028 1999 3063 καί

183 3085 326 3130 φίλους
351 3086 601 3131 ἐνεχείρισεν.

325 3143 352 3188 ¹¹)
379 3143 433 3179 De
458 3144 637 3179 Posidoni
671 3145 770 3190 apud
795 3147 965 3190 posteros
992 3146 1214 3181 auctoritate
1247 3157 1280 3181 v.
1306 3144 1518 3190 Schmekel,
1549 3144 1616 3180 Ph.
1644 3145 1679 3180 d.
1705 3157 1754 3180 m.
1781 3145 1836 3181 St.
1862 3144 1927 3180 ΙΙΙ
1954 3144 1994 3181 Β.
