2138 3438
924 130 1218 172 —7—

165 271 258 314 eius
285 272 444 314 aetatis
470 275 584 325 sunt,
611 285 699 326 qua
723 274 839 314 ratio
867 271 1014 326 pueris
1038 271 1128 313 iam
1155 270 1358 323 accessit3
1384 274 1516 325 atque
1542 271 1700 313 iterum
1725 271 1822 325 pari
1847 271 1977 314 modo

165 341 502 384 distribuuntur:
536 356 766 397 corporum
793 342 1050 384 exercitatio
1077 342 1182 397 (795
1201 341 1395 384 D-796
1415 343 1474 394 D,
1508 344 1680 397 ὄρχησις
1710 346 1754 384 et
1777 343 1908 398 πάλη)
1935 346 1979 384 et

166 413 303 455 animi
345 413 590 468 mentisque
624 412 827 465 eruditio,
873 415 1052 468 μουσική
1097 412 1260 470 (796Ε
1301 411 1398 469 sq.)
1444 411 1698 466 Sequuntur
1741 417 1979 468 praecepta

164 484 298 536 varia,
330 484 565 539 praecipue
598 483 651 526 de
682 498 841 539 genere
873 484 1047 527 vivendi
1078 485 1251 539 (τρόπος
1279 486 1375 539 βίου
1409 485 1495 526 806
1517 484 1587 539 Β),
1621 484 1977 538 paedagogorum

163 555 440 597 institutione
483 555 588 610 (808
609 554 679 613 O),
723 555 882 597 litteris
921 554 1145 606 docendis,
1189 555 1370 602 musica,
1414 555 1610 597 scientiis
1654 555 1978 597 mathematicis

164 627 266 680 (809
287 626 476 668 E—822
498 626 564 682 G).

308 696 432 752 Quae
464 711 610 740 rerum
643 697 874 752 dispositio
906 698 953 739 in
990 696 1305 739 Aristotelis
1337 711 1467 751 opere
1500 696 1610 749 (Pol.
1641 697 1734 740 VII·
1767 701 1810 738 et
1840 697 1976 753 VIII>

164 766 402 810 dilucidior
427 768 488 811 fit.
521 768 787 811 Aristoteles
819 768 915 813 VII
949 770 1001 811 13
1034 771 1122 811 tres
1155 768 1435 810 condiciones
1471 768 1646 810 virtutis
1684 768 1977 822 perficiendae

165 853 261 882 esse
293 841 473 895 exponit
503 866 562 871 -—
595 840 647 883 de
681 841 846 895 optimo
879 840 996 883 enim
1026 840 1091 882 rei
1123 839 1328 894 publicae
1360 843 1480 882 statu
1512 840 1759 893 civiumque
1784 838 1977 881 moribus

165 911 338 954 orditur
368 938 425 942 —
456 915 676 965 naturam,
708 926 848 962 usum,
882 912 1204 954 institutionem
1236 911 1391 968 (φύσιν,
1421 913 1538 965 ἔθος,
1574 911 1735 965 Myon&
1773 910 1976 952 educatio

163 982 211 1024 in
243 982 384 1025 altera
414 984 632 1037 tertiaque
665 984 750 1025 sita
782 986 859 1025 est.
891 981 1039 1037 Quare
1071 983 1125 1024 iis
1157 982 1303 1034 rebus,
1337 995 1450 1037 quae
1481 985 1644 1023 natura
1674 985 1850 1036 praesto
1883 995 1976 1023 esse

165 1053 338 1107 debent,
378 1054 625 1108 explanatis
666 1054 972 1096 educationem
1011 1054 1076 1095 ita
1114 1053 1288 1095 dividit:
1330 1068 1369 1107 p.
1414 1054 1526 1096 1334
1557 1053 1585 1095 b
1619 1055 1672 1105 25
1713 1055 1776 1095 διὸ
1807 1058 1978 1108 πρῶτον

162 1126 242 1180 μὲν
272 1130 345 1168 τοῦ
378 1128 574 1181 σώματος
604 1127 677 1180 τὴν
707 1128 940 1180 ἐπιμέλειαν
971 1128 1199 1180 ἀναγκαῖον
1224 1127 1325 1168 εἶναι
1349 1127 1556 1179 προτέραν
1581 1128 1606 1180 ἢ
1631 1126 1704 1180 τὴν
1728 1130 1799 1179 τῆς
1825 1130 1977 1180 ψυχῆς,

164 1199 299 1239 ἔπειτα
329 1198 402 1252 τὴν
431 1203 504 1252 τῆς
533 1198 707 1251 ὀρέξως,
744 1197 866 1239 ἕνεκα
905 1197 1044 1250 μέντοι
1074 1202 1147 1239 τοῦ
1179 1201 1254 1238 νοῦ
1286 1197 1360 1250 τὴν
1389 1201 1459 1250 τῆς
1492 1197 1686 1249 ὀρέξεως,
1722 1196 1795 1249 τὴν
1827 1196 1873 1238 δὲ
1903 1200 1976 1238 τοῦ

161 1269 360 1322 σώματος
395 1273 467 1322 τῆς
502 1274 654 1323 ψυχῆς.
668 1268 698 1322 1)
741 1267 898 1321 Itaque
943 1267 1083 1320 primo
1127 1266 1181 1308 de
1221 1280 1403 1320 corpore
1448 1266 1686 1308 videndum
1725 1269 1807 1308 est:
1849 1279 1975 1320 gene-

163 1339 276 1380 ratio
308 1342 352 1380 et
382 1338 650 1391 concubitus,
687 1342 922 1393 parentum
953 1338 1246 1389 condiciones,
1279 1342 1467 1380 matrum
1500 1337 1840 1391 praegnantium
1873 1350 1977 1378 cura-

163 1409 249 1451 huc
285 1409 521 1463 pertinent,
567 1410 726 1452 deinde
764 1412 900 1465 τροφή
940 1413 984 1451 et
1021 1410 1219 1464 corporis
1250 1409 1457 1451 formatio
1497 1408 1606 1462 (VII
1641 1410 1692 1451 16
1726 1412 1769 1450 et
1803 1410 1855 1450 17
1888 1408 1977 1461 in.).

164 1479 373 1535 Sequitur
405 1482 538 1523 animi
569 1480 858 1523 conformatio
892 1484 993 1523 ante
1025 1481 1211 1523 rationis
1244 1494 1382 1534 usum,
1421 1494 1583 1522 annum
1616 1480 1728 1521 vitae
1762 1479 1976 1534 quintum,

165 1543 432 1594 adhibenda:
475 1551 570 1593 ludi
603 1551 807 1608 (παιδιαί),
843 1551 1019 1594 fabulae
1051 1553 1230 1606 (μῦθοι),
1276 1565 1577 1606 quaecumque
1619 1550 1747 1592 liberi
1791 1550 1978 1591 audiunt

163 1623 312 1677 (λόγοι)
331 1622 400 1664 vel
418 1623 577 1672 vident,
593 1623 833 1674 hominum,
854 1623 1111 1678 quibuscum
1132 1627 1245 1675 sunt,
1265 1637 1409 1665 mores
1428 1623 1499 1665 hic
1518 1625 1775 1664 tractantur.
1808 1621 1976 1663 Octavo

164 1693 353 1747 denique
390 1693 502 1736 libro
542 1694 595 1736 de
634 1694 840 1736 discendo
879 1695 1095 1748 praecipit
1139 1698 1181 1736 et
1224 1697 1457 1750 μαθήματα
1498 1693 1695 1748 exponit:
1742 1695 1978 1749 γράμματα,

164 1767 455 1821 γυμναστικήν,
486 1768 702 1820 μουσικήν,
735 1768 955 1823 γραφικήν.
986 1764 1184 1819 Quarum
1212 1765 1371 1807 artium
1399 1764 1552 1816 altera,
1587 1778 1698 1819 quae
1724 1764 1770 1805 in
1795 1777 1976 1818 corpore

164 1836 448 1878 exercitando
469 1837 555 1878 sita
575 1841 653 1887 est,
678 1837 818 1891 prima
837 1839 1052 1878 tractatur
1072 1835 1210 1892 (VIII
1236 1838 1260 1878 8
1288 1837 1536 1891 γυμναστικὴ
1564 1837 1634 1878 καὶ
1658 1836 1976 1890 παιδοτριβική).

164 1905 372 1960 Sequitur
403 1907 590 1960 musica3
623 1911 792 1949 ceteras
820 1906 1069 1949 accuratius
1100 1921 1189 1949 11011
1215 1907 1389 1961 exponi,
1422 1907 1540 1960 quod
1565 1906 1851 1948 Politicorum
1875 1905 1979 1947 libri

163 1991 252 2019 non
283 1977 476 2019 absoluti
508 1981 622 2030 sunt,
663 1981 847 2020 constat.
892 1976 940 2020 Si
970 1978 1104 2032 igitur
1133 1978 1195 2019 ita
1227 1977 1429 2020 Platonis
1459 1976 1802 2031 Aristotelisque
1840 1976 1977 2018 libros

164 2062 484 2102 comparamus,
522 2053 689 2091 certam
721 2048 945 2104 quandam
976 2048 1200 2090 tractandi
1231 2049 1346 2090 viam
1377 2047 1494 2090 effici
1520 2052 1717 2103 apparet,
1749 2062 1880 2101 quam
1911 2061 1977 2089 se-

164 2120 393 2173 quentium
423 2123 668 2174 temporum
694 2120 943 2174 scriptores,
977 2119 1054 2174 qui
1086 2119 1139 2161 de
1171 2119 1432 2161 educatione
1459 2122 1653 2173 egerunt,
1685 2119 1778 2161 fere
1805 2122 1977 2160 secutos

163 2204 258 2233 esse
290 2204 445 2244 nempe
478 2195 818 2233 consentaneum
850 2194 928 2232 est.

306 2261 410 2305 Non
429 2262 622 2304 alienum
642 2276 734 2304 esse
754 2262 926 2304 videtur
945 2261 1029 2304 hoc
1048 2261 1145 2304 loco
1167 2262 1511 2304 animadvertere
1534 2275 1620 2313 eos,
1649 2262 1724 2315 qui
1742 2262 1877 2303 vitam
1897 2260 1977 2302 ali-

165 2333 287 2375 cuius
307 2332 616 2388 describunt2)‚
637 2347 689 2375 ex
708 2336 833 2387 parte
854 2333 985 2374 simili
1004 2333 1175 2375 ratione
1196 2333 1272 2374 uti.
1292 2333 1403 2374 Rem
1422 2333 1646 2387 vulgarem
1665 2336 1856 2374 tractare
1875 2332 1977 2374 nolo

164 2403 238 2456 (cf.
274 2404 324 2447 F.
361 2404 469 2455 Leo,
507 2405 593 2446 Die
631 2404 920 2459 griech.-r6m.
959 2404 1120 2458 Biogn,
1161 2404 1287 2456 1901,
1324 2404 1504 2458 passim,
1542 2417 1688 2457 praec.
1729 2404 1767 2457 8,
1805 2405 1874 2456 27,
1907 2404 1976 2454 83,

168 2475 252 2517 180
290 2474 380 2528 al.):
419 2474 473 2517 de
512 2489 682 2529 genere,
721 2475 905 2526 familia,
947 2474 1204 2528 parentibus
1244 2478 1346 2516 ante
1385 2475 1606 2516 hominem
1643 2478 1795 2516 natum
1834 2473 1977 2527 ample

166 2538 324 2600 agitur,
358 2550 407 2588 ut
436 2547 528 2589 vita
559 2546 617 2588 sit
648 2549 767 2601 γένος
797 2549 866 2589 καὶ
897 2548 987 2601 βίος
1018 2545 1087 2587 vel
1113 2545 1246 2587 etiam
1272 2548 1390 2601 γένος
1416 2545 1527 2602 (Leo
1554 2545 1581 2586 1.
1607 2544 1635 2586 1.
1664 2560 1704 2599 p.
1727 2544 1814 2602 20).
1841 2544 1977 2587 Cuius

166 2618 229 2658 rei
260 2631 439 2659 causam
469 2618 516 2659 in
548 2617 741 2659 omnium
766 2617 991 2658 hominum
1016 2616 1271 2658 notionibus
1298 2617 1558 2671 quaerimus,
1580 2616 1750 2670 quibu8,
1775 2615 1978 2671 qualibus

167 2688 265 2742 quis
295 2688 552 2741 parentibus
582 2692 714 2730 natus
747 2691 824 2739 est,
857 2687 960 2730 talis
992 2688 1086 2741 ipse
1117 2686 1315 2728 habetur.
1348 2687 1401 2728 [n
1426 2687 1527 2729 vitis
1554 2686 1853 2730 describendis
1880 2691 1979 2740 post

309 2827 337 2871 1)
363 2830 495 2875 ὄρεξις
513 2830 769 2864 irrationalem
791 2829 905 2863 animi
930 2831 1077 2872 partem
1103 2827 1290 2873 significat
1316 2827 1378 2872 (cf.
1398 2828 1488 2863 ibid.
1514 2829 1559 2863 20
1581 2829 1719 2873 ὥσπερ
1738 2826 1783 2863 δὲ
1801 2828 1846 2862 τὸ
1866 2833 1979 2872 σῶμα

165 2888 365 2934 πρότερον
389 2894 434 2934 τῇ
459 2889 618 2934 γενέσει
642 2894 713 2934 τῆς
738 2894 875 2935 ψυχῆς,
899 2890 1002 2924 οὕτω
1029 2888 1091 2922 καὶ
1117 2887 1162 2922 τὸ
1187 2889 1339 2933 ἄλογον
1363 2894 1433 2923 τοῦ
1458 2888 1583 2933 λόγον
1608 2889 1794 2932 ἔχοντος).

310 2946 340 2991 ²)
377 2945 485 2981 Idem
522 2958 645 2981 rerum
683 2948 774 2982 ordo
813 2948 851 2981 in
888 2946 1181 2991 panegyricis
1221 2948 1278 2981 est
1315 2945 1364 2980 cf.
1395 2946 1543 2980 Platon.
1576 2945 1726 2980 Menex.
1758 2945 1826 2979 237
1848 2945 1877 2979 B
1908 2946 1979 2991 τὴν

166 3006 375 3052 εὐγένειαν
402 3033 410 3041 .
438 3033 445 3040 .
471 3011 634 3052 πρῶτον
666 3008 796 3042 αὐτῶν
821 3007 1138 3051 ἐγκωμιάζωμεν,
1165 3003 1354 3051 δεύτερον
1379 3003 1426 3040 δὲ
1449 3002 1602 3051 τροφήν
1626 3016 1670 3039 τε
1695 3006 1758 3039 καὶ
1784 3003 1979 3048 παιδείαν,

167 3064 429 3109 Ps.-Dionys.
459 3065 578 3111 Τέχνη
595 3065 678 3111 ῥητ.
697 3065 733 3100 V
759 3066 797 3100 3:
823 3065 1014 3111 χρηστέον
1039 3092 1047 3100 .
1069 3089 1077 3098 .
1103 3070 1187 3108 τοῖς
1212 3065 1535 3109 ἐγκωμιαστικοῖς
1559 3063 1707 3108 τόποις,
1725 3063 1805 3098 ἀπὸ
1822 3064 1980 3109 γένους,

170 3123 252 3159 ἀπὸ
278 3125 453 3170 φύσεως,
478 3123 558 3159 ἀπὸ
583 3125 814 3170 ἀνατροφῆς
837 3136 871 3159 u.
897 3135 928 3159 τ.
954 3124 990 3159 λ.
