2138 3438
909 133 1205 175 —47—

144 271 391 315 Reaktion“
431 271 706 327 appellamus
746 262 819 303 —'
840 277 983 315 ortum
1028 274 1173 328 ipsum
1220 273 1266 315 in
1310 274 1451 315 omnis
1496 278 1678 316 ornatus
1721 275 1963 329 pulchritu—

144 342 347 397 dinisque
379 343 556 386 defectu
588 347 696 387 erat.
738 343 863 386 Tune
895 344 1071 386 demum
1102 343 1193 386 duo
1228 348 1404 386 exstant
1435 358 1597 399 genera
1630 345 1816 399 dicendi,
1854 361 1963 401 quo-

142 428 239 456 rum
278 418 511 469 utrumque
552 414 759 456 vitiosum
800 414 887 456 dici
926 419 1075 469 potest
1115 419 1160 457 et
1195 415 1312 456 inter
1350 429 1463 469 quae
1501 416 1648 457 media
1685 416 1755 458 via
1788 421 1856 458 est
1887 417 1962 474 (cf.

142 484 325 527 Norden
355 485 382 527 l.
413 485 440 529 1.
471 501 512 540 p.
544 487 631 528 256
663 485 760 542 sq.)
793 486 865 527 Ita
890 485 1151 540 explicatur,
1176 486 1297 540 quod
1321 486 1444 540 prius
1470 485 1798 528 Ps.-Plutarchi
1824 502 1962 542 genus

142 555 357 609 vitiosum,
377 556 499 610 quod
517 557 652 599 nimio
674 557 795 599 cultu
817 558 1030 600 orationis
1051 557 1316 608 continetur,
1334 557 1555 599 veteribus
1574 557 1691 599 vitiis
1712 559 1962 612 respondet,

143 627 249 680 quia
292 626 518 682 „Asiana“
564 642 678 682 quae
715 633 898 671 vocatur
935 628 1070 670 dictio
1110 632 1267 682 postea
1305 642 1482 683 quoque
1521 629 1726 671 exstabat
1761 629 1960 683 (Norden

145 697 252 749 „der
280 712 391 741 neue
423 697 572 754 Stil“).
598 699 676 742 Ad
702 700 835 742 verba
862 702 1113 755 ὑπέρογκος,
1149 702 1500 755 παρατράγῳδος,
1531 702 1754 754 θεατρικός
1785 714 1960 755 compa-

142 770 231 810 rari
262 775 466 824 possunt:
499 771 683 813 Norden
714 771 741 814 l.
774 771 800 814 l.
833 787 875 825 p.
909 773 996 813 294
1030 775 1207 813 cantare
1232 775 1272 813 et
1301 773 1474 821 saltare,
1499 771 1758 813 Philostrat.
1787 773 1838 813 B.
1863 789 1961 828 σοφ.

142 840 165 882 Ι
193 842 261 892 19,
288 842 310 882 1
345 843 592 898 ὕπόβακχος
623 845 693 885 καὶ
719 843 1072 898 διθυραμβώὸης,
1095 842 1339 897 Dionysius
1364 841 1468 884 Hal.
1495 842 1724 885 Demosth.
1754 844 1865 885 1008
1893 845 1960 886 διὰ

140 916 226 954 τῶν
255 913 494 967 θεατρικῶν
523 916 752 969 σχημάτων
784 915 1058 962 καλλωπίζειν
1089 915 1161 956 τὸν
1191 915 1336 968 λόγον;
1374 915 1711 968 παρατράγῳὸος
1742 914 1815 956 hic
1844 914 1962 956 idem

142 986 271 1025 sonat
295 997 348 1025 ac
371 985 600 1039 τραγῳδεῖν
625 984 691 1027 vel
715 989 925 1039 τραγικῶς
948 987 1090 1040 λέγειν,
1115 984 1173 1026 cf.
1206 984 1416 1027 Philostr.
1443 986 1494 1027 B.
1520 1002 1615 1040 σοφ.
1642 985 1704 1026 Π.
1732 1000 1772 1038 p.
1799 987 1884 1028 257
1912 988 1960 1028 ἐκ

141 1059 211 1109 τῆς
242 1057 474 1110 τραγῳδίας
502 1055 692 1111 ᾑρηκώς.
724 1054 869 1110 Quam
901 1055 1139 1098 dictionem
1165 1055 1525 1098 Ps.-Plutarchus
1550 1057 1813 1099 ἀπολίτευτον
1831 1061 1962 1099 vocat

140 1112 216 1177 ita,
252 1130 302 1167 ut
338 1126 636 1169 Philostratus
674 1126 704 1170 l.
737 1126 763 1169 l.
797 1127 849 1169 de
890 1127 1050 1170 Niceta
1088 1126 1245 1169 scribit
1281 1130 1307 1182 ἡ
1346 1129 1436 1170 ἰδέα
1472 1132 1559 1170 τῶν
1596 1128 1735 1182 λόγων
1773 1134 1845 1170 τοῦ
1881 1129 1960 1182 μὲν

141 1198 319 1251 ἀρχαίου
350 1199 421 1239 καὶ
450 1199 663 1241 πολιτικοῦ
696 1200 980 1254 ἀποβέβηκεν;
1019 1211 1288 1252 quamquam
1313 1201 1338 1253 ἡ
1364 1199 1550 1252 πολιτικὴ
1578 1199 1685 1246 λέξις
1707 1198 1796 1239 iam
1821 1198 1958 1240 multo

140 1271 242 1310 ante
272 1273 321 1324 τῇ
352 1275 569 1325 σοφιστικῇ
600 1269 667 1311 vel
698 1272 988 1325 λογογραφικῇ
1022 1268 1386 1323 opponebatur1).
1417 1268 1623 1310 Alterum
1650 1269 1814 1321 vitium,
1840 1269 1960 1323 quod

140 1340 330 1394 scriptor
352 1342 650 1395 σμικρολογίαν
668 1346 740 1396 τῆς
764 1342 918 1389 λέξεως
942 1345 988 1382 et
1011 1343 1258 1384 ταπείνωσιν
1277 1339 1486 1394 appellat,
1510 1339 1628 1382 idem
1653 1354 1747 1382 esse
1773 1340 1960 1389 videtur,

109 1409 113 1411 ’
141 1411 262 1465 quod
287 1409 589 1466 Quintilianus
614 1412 722 1455 Inst.
756 1426 815 1455 or.
849 1412 967 1455 VIII
1000 1414 1039 1464 5,
1074 1413 1130 1454 32
1156 1412 1222 1454 ita
1254 1411 1482 1454 describit:
1515 1413 1594 1464 qui
1616 1412 1798 1467 fuyiunt
1820 1427 1870 1454 ac
1895 1427 1959 1454 re-

140 1482 386 1537 formidant
425 1497 596 1525 omnem
637 1483 750 1525 hane
804 1485 856 1525 in
905 1484 1084 1527 dicendo
1128 1485 1394 1538 voluptatem
1436 1483 1554 1524 nihil
1589 1483 1826 1538 probantes
1868 1484 1961 1525 nisi

135 1554 324 1609 planum
347 1559 388 1596 et
410 1554 574 1597 humile
599 1558 640 1597 et
662 1556 756 1597 sine
780 1559 951 1597 conatu.
984 1554 1033 1597 Si
1058 1555 1246 1608 scriptor
1271 1568 1422 1596 vocem
1447 1555 1733 1609 ἀνέκπληκτον
1758 1559 1956 1608 usurpat,

140 1625 187 1665 in
215 1628 407 1667 mentem
437 1625 565 1667 nobis
596 1626 715 1668 venit
744 1626 825 1668 illo
856 1630 1054 1680 tempore
1086 1626 1284 1680 ἔκπληξιν
1309 1624 1575 1679 permultum
1600 1624 1792 1666 valuisse
1818 1639 1957 1679 aeque

142 1709 195 1737 ac
218 1697 529 1750 θαυμάζεσθαι,
563 1691 682 1750 quod
706 1696 825 1738 idem
849 1696 1052 1751 postulat
1078 1699 1130 1750 (v.
1157 1696 1442 1747 Cressolium,
1471 1695 1650 1738 Theatr.
1676 1696 1799 1748 rhet,
1827 1695 1958 1738 Thes.

143 1765 336 1810 Gronov.
367 1767 430 1819 X,
462 1768 486 1809 I
518 1782 554 1809 c.
584 1770 635 1821 5).
668 1766 968 1810 Consimiliter
1001 1772 1161 1809 auctor
1190 1769 1284 1821 περὶ
1315 1770 1454 1822 ὕψους
1480 1767 1629 1809 sentit:
1668 1767 1957 1809 conferantur

142 1837 358 1881 Ps.-Plut.
390 1840 436 1881 τὸ
465 1840 544 1894 μὲν
575 1840 654 1894 γὰρ
679 1840 863 1893 ἀσφαλὲς
893 1840 1112 1881 ἐπαινεῖται
1142 1839 1289 1892 μόνον,
1318 1839 1363 1880 τὸ
1395 1838 1442 1880 δὲ
1467 1839 1731 1880 ἐπικίνδυνον
1756 1839 1826 1880 καὶ
1850 1840 1957 1881 θαυ-

141 1911 311 1965 μάζεται
331 1913 375 1951 et
392 1927 435 1953 π.
454 1912 595 1965 ὕψους
616 1911 685 1962 33,
707 1912 732 1951 2
758 1912 920 1965 μήποτε
952 1911 999 1952 δὲ
1023 1915 1144 1952 τοῦτο
1177 1911 1247 1951 καὶ
1278 1911 1507 1963 ἀναγκαῖον
1544 1908 1571 1964 ᾗ
1606 1909 1648 1950 τὸ
1679 1911 1750 1955 τὰς
1780 1910 1858 1965 μὲν
1889 1913 1955 1952 τὰ·

141 1982 283 2027 πεινὰς
313 1983 386 2024 καὶ
414 1983 545 2035 μέσας
575 1982 720 2036 φύσεις
751 1982 818 2024 διὰ
850 1982 895 2024 τὸ
926 1981 1106 2035 μηδαμῇ
1131 1981 1501 2033 παρακινδυνεύειν
1526 1981 1635 2035 μηδὲ
1659 1982 1850 2035 ἐφίεσθαι
1874 1986 1958 2024 τῶν

142 2054 304 2105 ἄκρων,
328 2054 641 2108 ἀναμαρτήτους
666 2054 727 2098 ὡς
753 2053 819 2094 ἐπὶ
843 2053 951 2094 πολὺ
977 2053 1047 2094 καὶ
1071 2052 1382 2106 ἀσφαλεστέρας
1407 2052 1627 2105 διαμένειν,
1654 2053 1701 2093 τὰ
1729 2052 1774 2093 δὲ
1799 2054 1957 2106 μεγάλα

141 2124 347 2178 ἐπισφαλῆ
379 2125 433 2166 δι’
462 2125 563 2167 αὐτὸ
595 2125 806 2179 γίγνεσθαι
839 2124 881 2166 τὸ
907 2125 1090 2178 μέγεθος
1110 2154 1120 2164 .
1140 2156 1149 2164 .
1171 2156 1180 2164 .
1213 2123 1282 2171 36,
1311 2124 1328 2163 1
1367 2124 1437 2164 καὶ
1467 2123 1513 2165 τὸ
1545 2123 1622 2176 μὲν
1653 2126 1873 2165 ἄπταιστον
1905 2125 1956 2164 οὐ

143 2197 322 2249 ψέγεται,
354 2196 398 2237 τὸ
423 2197 530 2250 μέγα
558 2196 603 2237 δὲ
627 2197 698 2237 καὶ
722 2196 991 2249 θαυμάζεται.
1023 2194 1127 2236 Non
1154 2197 1222 2235 est
1245 2192 1684 2247 praetermittendum
1706 2192 1958 2235 Senecam

142 2264 227 2307 hac
259 2279 433 2320 quoque
457 2266 505 2308 in
525 2280 571 2308 re
598 2280 696 2308 cum
716 2265 1067 2316 Ps.-Plutarcho,
1099 2265 1239 2319 magis
1266 2265 1402 2306 etiam
1428 2278 1526 2306 cum
1554 2268 1733 2306 auctore
1758 2282 1800 2305 π.
1821 2267 1957 2319 ὕψους

141 2338 251 2378 miro
270 2336 400 2379 modo
420 2338 685 2380 consentire:
704 2337 788 2391 Ep.
816 2338 914 2389 114,
936 2338 988 2379 11
1012 2350 1175 2378 necesse
1195 2340 1256 2378 est
1274 2337 1392 2378 enim
1411 2335 1487 2377 Ῐιοο
1512 2336 1652 2390 faeere
1678 2335 1725 2391 (i.
1751 2349 1785 2377 e.
1808 2335 1864 2377 ad
1896 2336 1956 2377 vi-

141 2407 254 2449 tium
291 2407 515 2462 accedere)
557 2409 729 2462 aliquid
763 2409 931 2463 yrande
974 2409 1208 2463 temptanti
1247 2407 1320 2463 (cf.
1351 2411 1492 2449 totam
1536 2406 1650 2449 hanc
1690 2406 1957 2462 epistulam).

141 2477 298 2533 Neque
317 2479 524 2533 repudiat
541 2479 618 2521 ille
639 2479 928 2534 philosophus
950 2483 1169 2532 ornatum,
1200 2492 1254 2520 ne
1282 2478 1516 2520 audaciam
1543 2477 1721 2531 quidem
1742 2478 1957 2519 orationis

142 2549 374 2604 improbat,
387 2551 492 2604 quia
510 2550 646 2592 verba
664 2564 806 2592 rerum
822 2550 1083 2592 sublimitati
1103 2554 1209 2604 apta
1222 2563 1317 2591 esse
1332 2549 1438 2600 vult,
1458 2549 1542 2602 Ep.
1558 2550 1625 2600 75,
1640 2551 1665 2590 3
1686 2563 1777 2590 non
1795 2549 1956 2590 meker-

143 2621 256 2663 eules
287 2622 437 2664 ieiuna
468 2636 555 2663 esse
586 2626 627 2663 et
654 2623 781 2664 arida
815 2622 918 2676 volo,
948 2635 1059 2676 qnae
1088 2622 1138 2663 de
1168 2621 1295 2663 rebus
1327 2625 1417 2662 tam
1447 2621 1623 2674 magmis
1652 2620 1862 2662 dicentur.
1903 2620 1957 2661 In

144 2690 292 2734 Lucili
322 2693 449 2734 amici
480 2693 670 2735 dictione
702 2692 862 2734 laudat
891 2693 975 2747 Ep.
1009 2694 1078 2742 59,
1119 2694 1145 2734 6
1179 2693 1488 2734 translationes
1519 2691 1747 2732 verborum
1781 2695 1828 2732 ut
1867 2705 1956 2732 non

146 2763 410 2817 temerarias,
440 2765 504 2806 ita
533 2778 644 2819 quae
668 2765 918 2819 periculum
949 2764 1024 2806 ειιιῖ
1053 2764 1248 2818 fecerint.
1279 2762 1454 2804 Iudicia
1480 2766 1571 2803 tam
1603 2762 1890 2815 congruentia
1918 2762 1954 2801 si

145 2847 235 2875 non
266 2834 405 2875 artius
437 2833 686 2887 cohaerent,
718 2839 834 2877 certe
867 2834 1009 2876 eidem
1040 2834 1134 2875 fere
1162 2834 1299 2875 aetati
1325 2832 1568 2874 attribuere
1595 2831 1708 2874 licet.
1743 2830 1955 2873 Senecam

147 2903 356 2946 adhibere
386 2917 638 2958 pergamus:
672 2918 772 2946 eum
802 2904 870 2946 illi
903 2904 1079 2946 dicendi
1110 2905 1272 2958 generi,
1307 2903 1427 2957 quod
1452 2902 1706 2956 philosophi
1731 2903 1955 2956 proprium

146 2978 225 3027 est,
267 2974 452 3016 eandem
489 2975 839 3018 mediocritatem
877 2975 1127 3028 adsignare,
1175 2989 1308 3028 quam
1346 2972 1708 3015 Ps.-Plutarchus
1753 2973 1799 3014 in
1837 2973 1955 3015 omni

289 3069 318 3110 ¹)
349 3067 405 3102 Of.
431 3068 587 3112 Dionys.
606 3068 661 3104 De
680 3079 802 3113 comp.
821 3068 924 3104 verb.
947 3069 1010 3111 123
1033 3068 1310 3111 Hermogenem
1330 3079 1371 3102 π.
1392 3065 1512 3102 ἰδεῶν
1532 3065 1573 3100 II
1596 3066 1640 3101 10
1658 3065 1786 3109 (Rhet.
1812 3066 1876 3101 Gr.
1897 3067 1959 3105 ed.

146 3127 320 3173 Spengel,
343 3139 377 3162 v.
403 3126 446 3162 ΙΙ
470 3139 508 3172 p.
533 3127 629 3173 398).
698 3127 719 3143 ⁴
