2138 3438
203 266 352 296 omnes
373 252 558 295 affectus
579 252 802 307 animique
820 252 1177 307 perturbationes
1192 241 1215 295 e
1229 251 1355 296 falsis
1375 254 1658 308 opinionibus
1672 255 1797 298 nasci
1811 259 2023 310 censeret,

203 324 406 366 vitiorum
439 338 491 366 ac
535 322 751 366 malorum
796 337 953 366 causas
996 323 1077 366 has
1109 323 1244 366 fuisse
1282 328 1628 368 consentaneum
1659 330 1743 369 est:
1777 325 1935 370 Galen.
1969 327 2023 370 de

203 395 342 450 Hipp.
377 399 421 438 et
451 394 518 438 Pl.
552 395 593 437 d.
627 409 668 449 p.
694 396 780 438 459
801 394 861 437 Κ.
894 397 967 450 τὴν
1000 397 1224 451 κατήχησιν
1249 401 1335 439 τῶν
1364 397 1536 440 πολλῶν
1567 399 1819 453 ἀνθρώπων
1849 399 1921 441 καὶ
1950 399 2025 454 τὴν

202 467 459 521 πιθανότητα
504 470 589 509 τῶν
629 471 881 522 φαντασιῶν.
926 466 1134 508 Hominis
1173 470 1359 509 naturae
1402 466 1512 510 nihil
1554 468 1660 511 mali
1703 469 1903 512 innatum
1942 472 2022 521 est,

205 550 354 579 omnes
399 541 560 579 natura
609 537 714 579 boni
765 537 909 591 adque
959 537 1164 579 virtutem
1209 538 1337 592 proni
1388 552 1535 581 sumus
1587 540 1716 596 (ἡμᾶς
1765 541 2025 584 οἰκειοῦσθαι

203 610 310 663 πρὸς
341 610 475 664 μόνον
506 609 552 652 τὸ
596 610 755 665 καλόν).
813 608 897 651 Oui
941 609 1186 651 sententiae
1218 609 1522 664 Posidonium,
1555 611 1630 665 qui
1660 611 1707 654 in
1739 610 2025 666 psychologia

204 684 393 722 veterem
427 680 675 723 doctrinam
706 679 933 732 refutaret,
975 680 1195 723 obstitisse
1229 685 1418 723 testatur
1450 680 1607 725 Galen.
1637 701 1679 725 π.
1705 701 1736 726 τ.
1761 701 1792 726 τ.
1818 700 1918 739 ψυχ.
1949 684 2023 738 ἠθ.

203 766 246 806 p.
275 754 359 794 820
381 751 437 793 Κ.
482 754 551 794 καὶ
595 753 673 807 γὰρ
718 753 789 794 καὶ
831 758 903 807 τῆς
944 755 1094 799 κακίας
1136 755 1180 795 ἓν
1212 755 1312 807 ἡμῖν
1344 754 1484 801 αὐτοῖς
1520 756 1700 808 σπέρμα,
1730 756 1800 797 καὶ
1835 755 2026 811 δεόμεθα

203 826 354 870 πάντες
387 826 465 877 οὐχ
498 825 636 870 οὕτως
666 829 739 866 τοῦ
783 824 952 878 φεύγειν
982 824 1078 870 τοὺς
1120 825 1337 879 πονηροὺς
1369 826 1432 871 ὡς
1461 829 1534 867 τοῦ
1567 826 1735 868 διώκειν
1759 826 1857 872 τοὺς
1887 826 2023 868 καθα-

205 897 394 948 ρίσοντάς
407 912 448 937 τε
467 895 538 937 καὶ
556 896 826 941 κωλύσοντας
839 897 966 949 ἡμῶν
984 896 1057 950 τὴν
1077 897 1249 951 αὔξησιν
1267 901 1338 951 τῆς
1350 898 1511 943 κακίας.
1527 895 1778 939 Secundum
1791 895 2026 938 Posidonii

203 966 339 1020 igitur
361 968 624 1007 sententiam
644 965 836 1008 hominis
856 970 1017 1008 natura
1036 965 1262 1008 maculosa
1289 980 1340 1009 ac
1360 967 1519 1010 vitiosa
1541 968 1809 1010 correctione
1842 972 1887 1009 et
1904 971 2027 1010 recta
2092 968 2093 971 ’

206 1036 522 1079 consuetudine
568 1041 678 1092 eget,
722 1036 959 1092 Chrysippi
1001 1036 1113 1079 nihil
1158 1037 1282 1080 aliud
1314 1053 1423 1093 opus
1458 1042 1536 1090 est,
1579 1053 1712 1094 quam
1742 1043 1793 1081 ut
1821 1037 1939 1081 falsa
1972 1038 2027 1084 <le

204 1108 334 1150 rebus
367 1108 534 1151 iudicia
567 1122 594 1150 a
626 1108 773 1162 pueris
812 1113 1128 1151 removeantur.
1175 1107 1375 1152 Galenus
1406 1109 1434 1152 1.
1466 1110 1494 1152 l.
1525 1110 1618 1166 ipse
1662 1114 1816 1152 contra
1854 1108 2027 1153 Stoicos

205 1184 389 1235 pugnat,
419 1180 493 1235 qui
525 1182 712 1227 ἅπαντας
743 1181 1006 1234 ἀνθρώπους
1037 1183 1094 1227 εἷς
1125 1182 1273 1236 ἀρετῆς
1298 1187 1440 1236 κτῆσιν
1464 1183 1705 1237 ἐπιτηδείως
1730 1184 1838 1237 ἔχειν
1862 1184 2028 1235 οἴονται,

207 1253 529 1307 διαστρέφεσθαι
560 1252 652 1306 <δ’>
684 1253 883 1294 ὗπὰτῶν
925 1253 1152 1301 συζώντων
1184 1256 1228 1294 ct
1264 1253 1357 1294 sine
1392 1252 1525 1295 dubio
1557 1252 1862 1306 Posidonium,
1897 1266 2027 1309 quem

205 1323 361 1366 laudat
393 1325 581 1377 saepius,
623 1327 797 1365 secutus
829 1327 964 1377 negat
993 1322 1158 1365 liberos
1203 1325 1523 1380 διαστρέφεσθαι
1562 1326 1647 1368 ὑπὸ
1677 1329 1763 1367 τῶν
1794 1326 1956 1380 γονέων
1987 1341 2029 1368 τε

207 1397 276 1437 καὶ
318 1396 607 1450 παιδαγωγῶν
651 1396 721 1436 καὶ
765 1395 1043 1437 διδασκάλων.
1107 1395 1276 1437 Tamen
1321 1395 1412 1437 eius
1457 1409 1631 1450 quoque
1684 1395 1905 1450 opinione,
1952 1394 2028 1450 qui

206 1470 408 1508 naturam
452 1465 643 1507 hominis
685 1470 935 1520 corruptam
973 1470 1017 1508 et
1055 1466 1113 1508 ad
1150 1466 1256 1508 vitia
1299 1466 1535 1520 proclivem
1568 1470 1708 1521 putat,
1747 1466 1947 1521 exempla
1984 1471 2030 1509 ct

206 1537 326 1580 mala
369 1542 412 1579 et
455 1537 572 1580 bona
615 1537 795 1579 maximi
838 1538 884 1579 in
929 1537 1160 1580 educando
1201 1538 1412 1580 momenti
1444 1552 1538 1580 esse
1570 1541 1918 1580 consentaneum
1950 1542 2028 1581 est.

207 1609 279 1651 Ita
310 1623 336 1650 a
367 1608 607 1651 Posidonio
640 1608 940 1663 exemplorum
971 1609 1057 1651 vim
1090 1609 1267 1651 minime
1298 1608 1547 1663 neglectam
1579 1623 1674 1652 esse
1707 1624 1729 1651 e
1762 1609 1905 1652 verbis
1937 1609 2029 1660 eius

208 1695 341 1736 supra
380 1680 551 1723 collatis
595 1684 794 1735 apparet.
857 1679 1111 1723 Secundum
1156 1695 1285 1736 quem
1317 1681 1489 1724 Seneca
1520 1681 1589 1722 De
1621 1681 1671 1723 ir.
1701 1680 1753 1723 II
1784 1683 1854 1733 21,
1888 1683 1942 1724 10
1975 1680 2028 1724 de

207 1766 344 1807 puero
358 1752 565 1805 narravit,
587 1752 661 1806 qui
682 1751 801 1806 apud
822 1751 1056 1794 Platonem
1076 1751 1187 1794 bene
1213 1753 1452 1795 instructus
1474 1766 1571 1795 cum
1592 1753 1732 1807 patris
1752 1752 2029 1795 iracundiam

208 1824 401 1876 vidisset,
428 1838 689 1879 numquam,
719 1824 877 1879 inquit,
918 1824 994 1866 hoe
1024 1825 1144 1879 apud
1174 1824 1401 1867 Platonem
1430 1825 1547 1877 vid&
1581 1838 1671 1867 non
1701 1825 1856 1879 dubito,
1886 1824 2031 1878 pergit

210 1895 392 1947 Seneca,
421 1895 527 1951 quin
552 1896 687 1937 eitius
705 1900 881 1950 patrem
905 1896 1109 1938 imitatus
1133 1896 1194 1938 stt
1217 1910 1352 1951 quam
1376 1895 1616 1939 Platonem.
1648 1894 1787 1949 Apud
1814 1895 2029 1939 Senecam

209 1981 310 2009 vero
332 1981 463 2021 quam
485 1980 614 2020 saepe
636 1967 826 2009 hominis
845 1971 1051 2009 naturam
1070 1967 1272 2010 vitiosam
1293 1980 1388 2009 esse
1415 1965 1707 2019 confirmetur,
1729 1966 2030 2010 demonstrare

211 2052 320 2093 opus
352 2051 443 2079 non
479 2042 546 2080 est
577 2036 653 2094 (cf.
686 2051 722 2080 e.
762 2052 801 2091 g.
830 2038 898 2080 De
930 2041 978 2081 ir.
1006 2038 1056 2080 Π
1090 2039 1160 2092 18;
1192 2038 1277 2092 Ep.
1311 2040 1381 2090 90,
1413 2041 1488 2089 443
1520 2040 1589 2090 94,
1627 2040 1704 2091 30;
1747 2039 1814 2090 11,
1850 2039 1873 2081 1
1909 2038 2029 2095 etc.);

209 2109 326 2152 idem
358 2109 612 2163 saepissime
646 2108 698 2150 de
735 2109 988 2163 perniciosa
1019 2109 1065 2151 in
1096 2109 1292 2151 moribus
1325 2110 1367 2151 vi
1411 2109 1704 2152 multitudinis
1737 2109 2033 2164 omniumque,

212 2182 287 2236 qui
320 2181 437 2223 circa
466 2194 547 2222 nos
580 2184 693 2233 sunt,
738 2180 856 2234 quod
900 2180 1036 2223 falsas
1081 2181 1310 2234 opiniones
1343 2180 1471 2223 nobis
1506 2179 1745 2233 inculcant,
1779 2180 2032 2235 queritur1).

210 2253 314 2296 Non
359 2252 487 2294 aliter
518 2251 743 2294 Iuvenalis
774 2251 882 2293 vitia
915 2265 967 2293 ex
1009 2252 1255 2294 imitatione
1298 2251 1394 2293 fieri
1440 2251 1639 2294 declarat
1670 2252 1726 2306 (v.
1753 2251 1919 2308 supra),
1953 2250 2032 2294 sed

213 2339 310 2367 cum
354 2338 417 2377 eo,
461 2327 509 2365 ut
551 2322 779 2366 confirmet
810 2337 841 2367 s.
870 2324 936 2374 14,
981 2325 1037 2365 40
1081 2324 1235 2365 doez'les
1277 2323 1509 2365 imitandis
1553 2323 1758 2378 turpibus
1802 2336 1851 2365 ae
1875 2323 2033 2379 pravis

212 2410 351 2439 omnes
381 2409 551 2450 samus,
582 2398 626 2436 et
658 2393 957 2449 Quintilianus
989 2396 1053 2436 ita
1092 2398 1259 2436 censet:
1296 2394 1408 2437 Inst.
1440 2408 1501 2436 or.
1534 2393 1559 2435 I
1592 2395 1630 2445 1,
1663 2396 1688 2436 5
1726 2398 1767 2436 et
1796 2394 1897 2436 haee
1932 2394 2032 2449 ipsa

212 2468 349 2523 mayis
368 2467 654 2522 pertinaciter
679 2467 868 2521 haerent,
893 2481 1001 2522 quae
1026 2467 1236 2509 deteriora
1254 2470 1381 2509 sunt:
1409 2467 1583 2521 quando
1602 2466 1654 2507 in
1679 2466 1836 2508 bonum
1856 2465 2033 2508 vertem's

213 2540 353 2581 vitta?
383 2539 481 2580 Iam
510 2538 616 2592 quid
642 2537 942 2580 demonstrare
968 2537 1110 2590 velim,
1145 2537 1253 2580 satis
1281 2542 1485 2592 apparet:
1512 2538 1550 2579 si
1569 2537 1643 2579 hic
1668 2536 1807 2579 bonos
1834 2536 2032 2579 homines

215 2610 361 2664 exigit,
391 2624 446 2652 ne
478 2610 597 2652 mala
630 2610 901 2652 extrinsecus
932 2610 978 2651 in
1017 2623 1252 2664 puerorum
1284 2609 1453 2652 animos
1485 2610 1676 2661 veniant,
1707 2606 1797 2660 ille,
1828 2621 1884 2649 ne
1918 2621 2030 2661 quae

214 2686 376 2724 natura
406 2681 529 2723 mala
554 2682 717 2732 insunt,
753 2685 963 2733 crescant,
996 2680 1073 2723 sed
1097 2681 1142 2722 in
1167 2684 1335 2723 rectum
1361 2683 1599 2732 vertantur,
1623 2679 1739 2721 idem
1765 2678 1856 2721 fere
1881 2691 2033 2721 revera

216 2752 416 2795 efficitur.
480 2753 627 2808 Quare
658 2752 703 2794 in
736 2751 956 2794 educandi
994 2752 1242 2807 praeceptis
1273 2750 1357 2794 hoc
1402 2750 1580 2806 quidem
1610 2749 1709 2793 loco
1743 2749 2033 2792 differentiam

217 2839 423 2879 magnam
466 2828 719 2878 exspectare
751 2838 840 2865 non
881 2838 1124 2878 possumus,
1168 2822 1406 2868 dummodo
1444 2836 1533 2864 non
1566 2825 1824 2876 argumenta
1856 2820 2033 2863 demon-

217 2899 422 2946 strentur,
454 2895 531 2937 sed
564 2899 802 2949 praecepta
834 2895 954 2937 nuda
986 2894 1277 2949 proferantur.

362 3061 389 3106 ²)
416 3061 469 3096 Ut
493 3061 563 3106 Ep.
590 3063 623 3106 7,
648 3063 686 3105 63
725 3063 758 3105 8,
783 3062 822 3106 35
848 3062 907 3107 29,
931 3061 994 3106 41;
1025 3062 1079 3105 10,
1108 3062 1144 3104 1;
1177 3061 1235 3106 93,
1259 3061 1320 3096 52:
1354 3071 1474 3095 nonne
1504 3062 1655 3105 apparet
1691 3069 1782 3103 opus
1818 3069 1892 3092 esse
1926 3056 2034 3092 nobis

217 3119 418 3163 aliquando
443 3121 622 3164 advocato,
649 3121 716 3165 qui
739 3125 867 3156 eontra
886 3120 1019 3166 populi
1037 3124 1233 3166 praecepta
1252 3118 1491 3166 praecipiat?
