2138 3438
946 138 1240 178 ..90-

183 287 266 328 τοῖς
290 284 404 332 υἱοῖς,
431 280 554 322 cuius
580 282 729 334 partes
756 278 894 321 tradit
921 277 1140 321 Stobaeus
1165 276 1262 320 Ecl.
1291 277 1341 320 II
1364 292 1405 332 p.
1431 280 1517 321 235
1543 277 1616 321 W.
1643 277 2008 320 Ps.-Plutarchus

185 367 281 395 eam
313 367 405 395 rem
438 351 570 406 plane
601 350 815 405 neglegit:
861 354 1010 393 tamen
1042 363 1129 391 uno
1161 347 1260 391 loco
1294 347 1543 391 Stoicorum
1575 349 1825 403 opinionem
1869 348 2005 403 signi-

184 423 315 466 ficare
346 422 532 475 videtur,
575 435 732 476 nempe
772 422 866 476 ipse
906 421 1092 473 nescius,
1131 419 1239 474 quid
1272 434 1352 462 sua
1385 419 1516 462 verba
1549 418 1634 462 sibi
1664 419 1812 473 velint,
1842 419 2005 474 Eury-

186 495 327 537 dices
360 493 653 548 exemplum
686 493 783 535 dico
812 494 887 546 (14
908 490 1079 548 B—O).
1111 491 1230 534 Nam
1260 490 1384 533 illam
1409 505 1499 534 non
1522 491 1662 546 magis
1689 491 1819 545 quod,
1851 504 2007 546 quam·-¹

185 581 318 621 quam
351 570 446 609 erat
474 567 769 621 τριβάρβαρος,
802 567 951 606 tamen
982 562 1143 604 litteris
1176 562 1354 616 studuit,
1399 576 1532 616 quam
1563 562 1681 616 quod
1712 562 1877 605 femina
1908 576 2006 604 eru-

186 638 397 680 ditionem
442 636 669 691 appetivit,
701 635 877 677 laudari
908 634 1190 689 perspicuum
1224 637 1302 676 est.
1348 633 1492 689 Quam
1523 647 1614 675 rem
1647 632 2006 688 Grassbergerum
2051 667 2054 670 .

182 713 301 752 recte
334 709 591 764 cognovisse
623 711 744 761 puto,
789 706 864 761 qui
908 705 1019 748 talia
1062 704 1263 759 exempla
1304 704 1669 759 „anerkennende
1698 691 2006 758 Ausserungen

186 780 294 823 iiber
340 780 423 822 den
467 777 802 833 Bildungstrieb
848 777 1068 832 einzelner
1109 777 1314 819 Frauen“
1350 776 1394 831 (l.
1427 775 1455 817 l.
1495 776 1571 818 III
1601 791 1644 830 p.
1673 777 1776 830 516)
1811 774 2010 830 appellet

185 855 229 894 et
266 851 514 894 Stoicorum
557 850 626 892 vel
665 863 830 902 eorum,
875 849 949 903 qui
993 848 1110 890 idem
1154 847 1418 899 sentiebant,
1458 847 1695 902 postulatis
1738 845 2008 901 respondere

184 926 373 965 censeat.
398 919 781 966 Verisimillimum
807 920 942 975 igitur
969 923 1034 962 est
1059 918 1170 961 illud
1196 918 1441 973 exemplum
1462 917 1711 961 Stoicorum
1736 917 2008 972 argumentis

184 993 512 1037 attribuendum
545 1006 656 1046 esse3
690 992 768 1035 sed
800 992 931 1043 idem,
966 990 1095 1045 quale
1124 1005 1150 1032 a
1182 992 1397 1045 scriptore
1423 990 1676 1045 praebetur,
1707 993 1800 1031 tam
1824 986 2009 1043 vulgare

186 1070 317 1120 atque
362 1065 492 1106 inane
524 1077 617 1106 esse
650 1063 836 1113 videtur,
887 1066 938 1105 ut
969 1063 1131 1104 certius
1183 1061 1418 1116 quicquam
1469 1060 1675 1104 concludi
1708 1074 1798 1103 non
1848 1059 2008 1115 possit.

183 1136 391 1179 Ceterum
424 1135 652 1190 scriptoris
683 1135 730 1176 in
763 1149 815 1177 ea
847 1148 892 1176 re
938 1134 1161 1176 silentium
1194 1147 1300 1175 sane
1331 1147 1421 1175 non
1453 1132 1641 1175 multum
1671 1132 1820 1174 refert:
1857 1135 2008 1174 tamen

183 1205 314 1250 facile
365 1207 605 1262 explicetur
654 1221 752 1248 eum
810 1205 1089 1248 secundum
1138 1205 1532 1259 Peripateticos
1582 1218 1680 1246 eam
1729 1203 2010 1246 educationis

184 1284 352 1334 partem
383 1278 639 1333 neglexisse.
684 1278 772 1333 Qui
811 1291 968 1331 nempe
1013 1291 1164 1319 omnes
1208 1278 1271 1318 ita
1316 1276 1406 1318 fere
1450 1275 1711 1318 iudicabant
1749 1279 1800 1316 ut
1829 1274 2010 1317 Aristo⁶

185 1350 292 1393 teles
325 1350 419 1392 Pol.
455 1351 568 1392 1260
590 1364 616 1391 a
649 1351 705 1392 20
737 1351 846 1392 ὥστε
879 1342 1076 1404 φανερόν,
1107 1350 1167 1390 ὅτι
1198 1350 1301 1391 ἐστὶν
1334 1349 1455 1403 ἀρετὴ
1489 1352 1574 1390 τῶν
1606 1349 1842 1402 εἰρημένων
1874 1348 2007 1389 ἁπάν-

183 1440 267 1465 των
294 1424 363 1465 καὶ
389 1423 468 1476 οὐχ
501 1424 526 1476 ἡ
566 1422 667 1476 αὐτὴ
707 1422 966 1478 σωφροσύνη
1000 1421 1192 1475 γυναικὸς
1230 1421 1299 1462 καὶ
1337 1420 1492 1472 ἀνδρός
1516 1418 1585 1469 (cf.
1612 1417 1861 1472 Dyroffium
1886 1417 1915 1459 l.
1943 1416 2008 1473 l.).

120 1540 123 1543 ,
185 1494 373 1549 Quoquo
410 1492 540 1535 modo
572 1506 643 1534 res
682 1506 727 1534 se
765 1491 912 1544 habet,
946 1486 1309 1533 Ps.-Plutarchus
1345 1504 1552 1544 magnam
1589 1503 1716 1531 verae
1755 1487 2008 1531 Stoicorum

183 1564 403 1607 educandi
440 1564 624 1606 rationis
668 1566 838 1617 partem
882 1562 1192 1617 praetermisit,
1244 1576 1376 1616 quam
1420 1560 1651 1616 neglegere
1697 1559 2012 1615 Peripateticis*

184 1635 434 1691 respondet.
2005 1644 2007 1646 ·

325 1705 451 1761 Quae
484 1720 582 1748 cum
624 1706 689 1747 ita
730 1706 832 1757 sint,
872 1703 1271 1755 Ps.-Plutarchum,
1311 1717 1578 1758 quamquam
1619 1707 1662 1745 et
1698 1703 1793 1757 ipse
1837 1716 2010 1745 omnem

183 1778 489 1834 philosophiae
522 1778 608 1819 vim
639 1777 685 1819 in
715 1777 911 1819 moribus
945 1790 997 1818 ac
1029 1775 1215 1818 vivendo
1246 1774 1395 1828 habet,
1443 1775 1498 1817 ab
1530 1773 1607 1816 illo
1640 1774 2007 1829 philosophorum

183 1864 354 1905 genere,
389 1850 507 1904 quod
538 1847 753 1903 populare
786 1862 945 1890 vocare
979 1846 1182 1900 solemus,
1214 1846 1527 1888 removendum
1559 1859 1655 1888 esse
1689 1859 1856 1888 censeo.
1916 1843 2011 1888 Sed

183 1922 322 1976 magis
357 1935 408 1963 ex
432 1935 479 1963 re
506 1934 599 1962 esse
625 1920 810 1971 videtur,
838 1933 996 1971 rerum,
1025 1933 1133 1973 quas
1159 1917 1330 1972 profert
1356 1918 1556 1972 scriptor,
1584 1921 1734 1972 partes
1760 1916 2007 1978 observare.

182 1993 412 2035 Neminem
444 1991 560 2034 enim
591 1991 706 2045 fugit
744 1990 866 2033 locos
910 2004 1004 2032 esse
1036 1991 1083 2031 in
1115 1990 1209 2031 eius
1241 1989 1403 2043 libello,
1445 1989 1520 2043 qui
1552 1988 1798 2030 litterarum
1837 1988 2004 2042 generi,

183 2063 301 2118 quod
352 2063 664 2115 ‚,diatribes“
709 2064 886 2106 nomine
930 2063 1148 2117 appellari
1193 2062 1317 2116 solet,
1369 2063 1530 2116 optime
1570 2062 1885 2117 respondeant.
1948 2062 2006 2104 Ei

182 2135 419 2189 praecipue
467 2134 555 2176 loci
599 2138 714 2186 sunt,
758 2134 917 2188 quibus
958 2148 1029 2176 res
1074 2148 1152 2188 per
1199 2148 1243 2175 se
1290 2148 1316 2175 a
1359 2133 1640 2188 philosophia
1690 2147 1779 2176 non
1831 2133 2006 2176 alienae

181 2206 323 2260 longis
357 2205 617 2260 ambagibus
642 2210 858 2257 teruntur,
887 2206 1019 2247 variis
1046 2205 1256 2259 exemplis
1282 2205 1571 2258 illustrantur,
1598 2205 1850 2260 vulgaribus
1876 2204 2008 2247 dictis

183 2291 235 2319 ac
273 2276 465 2319 flosculis
506 2280 784 2319 exornantur.
830 2276 954 2332 Quae
996 2276 1082 2318 huc
1122 2277 1343 2330 pertinere
1385 2290 1554 2330 censeo,
1599 2277 1709 2319 haec
1753 2276 1846 2319 fere
1886 2279 2006 2318 sunt:

183 2351 208 2390 2
229 2349 362 2390 D—3
383 2348 423 2390 B
456 2348 655 2402 exempla
682 2349 734 2390 de
769 2347 1110 2401 consuetudinis,
1149 2361 1293 2400 curae,
1321 2347 1486 2390 laboris
1512 2349 1564 2401 vi,
1599 2349 1836 2403 praecipue
1872 2361 2008 2391 canes

182 2419 385 2474 Lycurgi,
408 2423 433 2461 4-
447 2419 580 2462 A—5
591 2419 637 2462 A
651 2424 695 2462 et
708 2419 849 2462 A—c*
866 2419 919 2461 de
932 2419 1061 2461 bonis
1075 2433 1127 2461 ac
1143 2419 1196 2461 de
1210 2419 1339 2462 malis
1353 2419 1638 2474 paedagogis,
1654 2419 2004 2462 adulescentium

182 2491 299 2543 vitia,
335 2493 359 2532 5
380 2491 513 2533 1)-6
535 2491 578 2533 A
608 2491 824 2533 bonorum
858 2490 1144 2545 comparatio,
1185 2490 1446 2533 eruditionis
1478 2490 1591 2545 laus,
1625 2493 1648 2533 7
1671 2491 1794 2534 O—8
1817 2490 1858 2532 Β
1892 2489 2003 2532 libe—

181 2562 341 2603 ralium
374 2562 533 2603 artium
565 2563 789 2614 iudicium,
820 2565 1056 2616 praecipue
1083 2561 1240 2604 Bionis
1274 2562 1456 2613 dictum,
1490 2565 1514 2604 9
1534 2561 1674 2604 E—F
1701 2562 1755 2604 de
1781 2562 2008 2616 memoria,

185 2634 238 2674 10
261 2632 411 2675 Ο-11
435 2632 470 2675 O
511 2633 710 2687 exempla
751 2632 931 2675 Sotadis
973 2637 1017 2675 et
1047 2633 1286 2686 Theocriti,
1331 2635 1382 2676 13
1405 2631 1548 2676 A-—O
1581 2632 1862 2675 adulatorum
1893 2633 2005 2675 vitu-

181 2704 365 2758 peratio.
427 2704 500 2746 Ita
550 2705 666 2746 enim
722 2704 931 2746 facillime
988 2704 1200 2759 explicari
1255 2718 1383 2758 posse
1438 2708 1560 2758 puto,
1617 2704 2006 2747 Ps.-Plutarchmn

181 2789 511 2829 nonnumquam
550 2771 860 2818 concinnitatis
893 2780 1032 2830 atque
1060 2775 1228 2818 ordinis
1268 2775 1442 2818 ratione
1475 2775 1679 2830 neglecta
1709 2789 1781 2818 res
1813 2776 2006 2818 minores

181 2846 280 2900 plus
313 2860 455 2900 aequo
502 2850 694 2889 tractare
735 2851 867 2901 atque
912 2847 1047 2889 etiam
1087 2860 1173 2898 res,
1219 2860 1334 2901 quae
1365 2860 1420 2888 ne
1463 2847 1694 2888 minimum
1735 2847 1914 2901 quidem
1945 2846 2005 2889 ad

182 2917 488 2959 educationem
538 2921 745 2972 spectant
796 2920 870 2973 (10
891 2917 1045 2961 O—ll
1070 2917 1139 2976 O),
1192 2918 1370 2972 copiose
1422 2918 1659 2972 explicare,
1712 2919 1750 2960 si
1801 2932 1901 2960 eum
1956 2918 2002 2959 in

181 2988 399 3042 partibus,
423 3003 533 3043 quas
554 2989 770 3040 enarravi,
800 2989 1082 3043 aliquatenus
1109 2989 1312 3044 scripta
1337 2988 1492 3031 illius
1519 2989 1732 3043 generis
1758 2988 2005 3043 vulgaria

183 3059 436 3102 adhibuisse
482 3061 737 3102 conicimus.
786 3059 944 3114 Neque
985 3061 1427 3115 praetermittendum
1459 3063 1524 3103 est
1557 3074 1623 3114 ea,
1668 3073 1783 3115 quae
1815 3060 2004 3103 fortasse

181 3128 276 3171 iure
302 3128 532 3184 Cynicae
578 3131 778 3173 rationi
823 3131 1039 3173 vindicari
1077 3135 1262 3185 possunt
1298 3130 1371 3188 (ex
1414 3135 1540 3186 parte
1582 3129 1822 3174 2A-3B
1871 3132 2005 3178 πόνος
