2138 3438
924 125 1216 168 —101-

165 293 386 332 vocamus,
418 278 729 322 similitudines
759 279 1031 322 intercedere
1063 279 1376 331 demonstrent,
1409 282 1570 335 quippe
1597 294 1708 335 quae
1738 294 1899 338 magna
1925 295 1978 324 ex

164 354 290 406 parte
322 349 519 406 Peripati
549 349 727 405 placitis
758 351 946 404 nit-atur;
984 355 1034 393 ut
1064 350 1311 406 exemplum
1342 350 1537 404 afferam,
1568 351 1796 396 felicitatis
1829 354 1977 397 condi-

165 422 324 475 ciones,
354 425 477 478 ἀρετή
503 424 548 464 et
573 423 688 478 τύχη,
720 421 787 464 vel
814 426 1052 477 praecepta
1076 422 1259 477 politica
1283 423 1487 477 vitaeque
1508 422 1709 478 publicae
1729 425 1975 468 aestimatio

165 493 240 547 (cf.
273 492 432 536 Zeller.
463 492 577 535 Phil.
610 492 650 534 d.
683 491 858 536 Griech.
891 493 967 535 III
997 496 1023 536 2
1054 509 1098 549 p.
1134 495 1246 548 123).
1278 493 1435 548 Neque
1468 494 1656 548 denique
1690 510 1716 538 a
1746 495 1976 539 Plutarchi

163 564 458 619 philosophia,
489 578 603 619 quae
621 563 957 607 fundamentum
977 564 1259 608 Platonicum
1279 567 1323 607 et
1342 565 1646 608 additamenta
1666 566 1974 621 Peripatetica,

164 635 328 688 Stoica,
374 635 671 691 Pythagorica
709 636 946 690 contineat,
988 636 1351 679 Ps.·Plutarchus
1387 637 1516 679 nimis
1555 637 1725 680 alienus
1757 642 1835 681 est.
1886 638 1975 682 Sed

161 707 250 749 iam
280 721 415 761 supra
446 707 654 762 apparuit
685 711 879 749 veterum
903 708 1151 750 imitatione
1183 711 1316 762 atque
1349 707 1640 752 admiratione
1671 709 1815 752 minus
1835 710 1974 765 philo·

163 777 328 834 sophos
361 778 576 832 quosdam
607 778 675 820 vel
706 778 893 831 scholas,
928 793 1061 833 quam
1093 782 1291 834 tempora
1321 779 1509 822 indicari
1521 782 1561 834 ¹).

303 849 357 892 In
390 849 717 893 Socraticorum
749 865 929 893 numero
967 854 1144 905 praeter
1173 851 1408 894 Platonem
1440 852 1852 907 Xenophontem
1882 854 1975 896 ΡΒ.-

165 920 435 964 Plutarchus
465 922 695 977 permagni
725 921 873 965 facere
903 922 1089 964 videtur.
1129 922 1247 965 Nam
1280 925 1306 966 3
1326 923 1384 975 D,
1419 925 1443 965 8
1463 923 1522 976 D,
1555 925 1581 966 9
1602 924 1644 966 D
1677 923 1799 967 locos
1833 925 1925 967 eius
1951 939 1974 967 e

161 991 446 1048 Cyrupaedia
477 996 522 1035 et
552 993 848 1036 Oeconomico
891 993 1020 1036 affert
1051 997 1094 1036 et
1129 996 1176 1036 11
1202 997 1236 1036 Ε
1268 994 1315 1039 in
1347 993 1675 1038 Socraticorum
1716 995 1974 1039 laudatione

161 1067 261 1118 post
302 1064 538 1106 Platonem
577 1078 674 1106 eum
713 1065 855 1119 ponit;
898 1068 1150 1119 repetamus
1190 1056 1307 1108 nunc
1346 1065 1406 1119 id,
1455 1066 1575 1120 quod
1625 1067 1791 1121 passim
1840 1081 1974 1123 supra

161 1135 382 1189 apparuit,
415 1123 674 1190 scriptorem
706 1149 805 1178 cum
837 1135 1152 1190 Xenophontis
1184 1136 1463 1191 opinionibus
1489 1152 1815 1192 nonnumquam
1842 1138 1975 1194 plane

160 1207 424 1249 consentire.
454 1207 526 1249 De
556 1206 872 1261 Xenophontis
905 1207 1050 1249 studio
1082 1208 1216 1262 paulo
1248 1208 1381 1250 latius
1405 1208 1541 1250 liceat
1572 1209 1759 1264 evagari,
1790 1213 1839 1251 ut
1869 1224 1973 1251 num

160 1290 212 1319 ex
243 1291 298 1319 ea
327 1291 374 1319 re
417 1282 590 1332 tempus
635 1277 870 1329 indicetur,
909 1278 1149 1320 videamus.
1193 1278 1539 1333 Xenophontem
1573 1280 1775 1322 omnibus
1809 1285 1973 1336 tempo-

159 1348 280 1391 ribus
300 1349 537 1404 praecipue
569 1352 748 1404 propter
780 1349 930 1391 stilum
962 1353 1005 1391 et
1023 1349 1244 1392 scribendi
1277 1364 1415 1406 genus
1435 1352 1662 1406 permagni
1688 1350 1855 1394 factum
1880 1366 1973 1394 esse

159 1424 352 1474 constat;
384 1423 535 1462 tamen
567 1434 667 1462 eum
698 1434 886 1476 magnae
924 1421 1211 1464 admirationi
1244 1426 1289 1464 et
1318 1422 1557 1464 imitationi
1590 1422 1723 1465 fuisse
1757 1427 1859 1465 ante
1892 1424 1969 1465 im-

161 1492 271 1545 perii
315 1491 507 1534 Romani
549 1496 751 1546 tempora
792 1492 1070 1547 comprobari
1115 1507 1205 1535 non
1243 1495 1448 1547 potest2).
1492 1493 1785 1536 Perfectionis
1829 1499 1973 1536 autem

158 1562 327 1616 species
357 1563 743 1616 praestantissima
763 1563 883 1618 apud
907 1563 1101 1606 Dionem
1127 1563 1487 1619 Chrysostomum
1514 1569 1598 1618 est,
1634 1564 1689 1607 cf.
1718 1565 1792 1608 Or.
1820 1568 1887 1617 18,
1919 1566 1972 1608 14

160 1648 224 1688 sq.
267 1636 451 1689 ἡγοῦμαι
490 1668 533 1675 ..
565 1635 700 1688 ἀνδρὶ,
725 1636 924 1689 πολιτικῷ
957 1637 1026 1678 καὶ
1073 1637 1206 1689 μόνον
1250 1641 1335 1678 τῶν
1377 1637 1570 1678 παλαιῶν
1611 1640 1800 1691 ἐξαρκεῖν
1845 1638 1971 1679 δύνα-

157 1707 268 1748 σθαι.
301 1705 583 1760 Quamquam
614 1705 726 1747 haec
758 1705 1078 1760 Xenophontis
1111 1706 1347 1748 admiratio
1381 1710 1425 1748 et
1455 1707 1657 1759 imitatio,
1691 1721 1804 1762 quae
1835 1723 1972 1762 genus

158 1775 335 1819 dicendi
366 1776 602 1831 praecipue
633 1780 845 1829 sectatur,
885 1777 1005 1831 apud
1036 1777 1422 1820 Ps.-Plutarchum
1461 1779 1596 1831 deest,
1637 1783 1786 1821 tamen
1817 1779 1972 1822 eodem

158 1850 368 1902 tempore,
402 1862 488 1902 quo
520 1848 595 1890 ille
627 1847 916 1902 philosophus
948 1863 975 1890 a
1012 1848 1262 1891 rhetoribus
1294 1852 1384 1891 tam
1417 1849 1652 1904 diligenter
1682 1850 1970 1903 tractabatur,

158 1919 415 1972 ceteroquin
434 1933 532 1960 eum
553 1918 698 1961 studio
714 1918 847 1961 fuisse
868 1921 1268 1974 auctoritatemquo
1283 1922 1376 1962 eius
1397 1921 1582 1962 multum
1597 1921 1716 1975 apud
1737 1922 1971 1976 scriptores

157 1989 347 2032 valuisse
399 1989 603 2032 concludi
654 1994 810 2044 potest.
853 1991 925 2033 Ita
975 1991 1164 2034 eundem
1203 1991 1395 2034 Dionem
1438 1992 1754 2046 Xenophontis
1804 1993 1970 2047 scripta

158 2060 466 2115 philosophiae
498 2075 635 2103 causa
667 2061 892 2104 lectitasse
925 2066 1057 2116 atque
1090 2062 1151 2104 eis
1184 2063 1414 2117 opiniones
1440 2077 1543 2105 suas
1570 2064 1970 2106 accommodavisse

158 2132 375 2187 constat3)
418 2146 561 2186 neque
605 2133 758 2187 negari
801 2136 948 2187 potest
991 2133 1315 2188 philosophiam
1347 2135 1438 2176 eius
1482 2149 1827 2190 nonnumquam,
1867 2139 1969 2178 ante

158 2204 307 2245 omnia
348 2202 546 2246 Socratis
577 2204 813 2259 imaginem
857 2204 1230 2259 Xenophonteam
1280 2219 1390 2247 esse.
1439 2206 1727 2260 Perspicuum
1772 2210 1840 2248 est
1878 2207 1968 2249 Ps.-

158 2274 389 2317 Plutarchi
421 2275 647 2318 Socratem
678 2275 831 2318 eodem
863 2275 953 2318 fere
996 2277 1127 2319 modo
1166 2278 1376 2332 cogitari;
1428 2291 1569 2331 neque
1602 2277 1797 2331 profecto
1831 2278 1967 2320 admi-

156 2345 344 2388 randum
375 2350 490 2388 esset
521 2346 600 2389 illa
631 2350 778 2389 aetate
811 2346 1053 2400 Socratem,
1088 2348 1158 2390 cui
1182 2352 1233 2390 ut
1262 2349 1420 2390 veteris
1447 2348 1754 2403 philosophiae
1779 2350 1968 2404 principi

157 2431 306 2460 omnes
357 2417 608 2471 studebant,
659 2433 989 2473 nonnumquam
1036 2419 1176 2475 magis
1220 2419 1536 2474 Xenophontis
1587 2435 1718 2475 quam
1767 2421 1968 2463 Platonis

300 2547 327 2592 1)
353 2547 410 2582 Of.
436 2547 565 2584 Senec.
590 2548 661 2593 Ep.
687 2549 744 2593 64,
771 2549 790 2583 7
824 2560 969 2583 veneror
993 2549 1145 2584 inventa
1168 2549 1376 2595 sapientiae
1400 2550 1671 2596 irwentoresque
1690 2577 1698 2586 .
1720 2579 1727 2586 .
1749 2579 1757 2586 .
1777 2553 1828 2597 (9)
1853 2552 1967 2586 susei-

153 2606 284 2651 piendi
309 2611 398 2641 sunt
422 2611 454 2642 el
477 2607 557 2643 ritu
581 2609 730 2643 deornm
756 2608 907 2642 colendi.
947 2608 1102 2643 Luciani
1142 2609 1268 2644 Somn.
1298 2609 1340 2644 12
1367 2610 1389 2645 ὁ
1415 2610 1462 2645 δὲ
1487 2611 1700 2656 Σωκράτης
1720 2637 1728 2645 .
1747 2637 1755 2645 .
1777 2638 1785 2645 .
1811 2613 1969 2656 ἀκούεις

156 2666 216 2710 ὡς
244 2667 354 2712 παρὰ
384 2668 549 2703 πάντων
580 2666 716 2713 ᾄδεται
741 2666 804 2714 (cf.
839 2667 1016 2703 Ps.-Plut.
1043 2667 1064 2701 2
1091 2668 1118 2702 O
1157 2673 1238 2703 τῶν
1262 2668 1360 2715 παρ’
1388 2671 1536 2704 ἅπασιν
1567 2668 1776 2715 ᾀδομένων
1796 2698 1804 2706 .
1823 2696 1832 2706 .
1855 2697 1863 2705 .
1889 2671 1967 2706 Σω-

157 2725 327 2770 κράτους
344 2750 353 2758 .
373 2751 382 2759 .
403 2726 428 2771 .)

299 2783 328 2827 ²)
353 2783 571 2819 Iucunditas
595 2788 632 2820 et
669 2786 792 2829 gratia
817 2786 893 2820 eius
930 2786 1149 2831 (γλυκύτης,
1183 2787 1309 2832 χάρις)
1345 2797 1490 2830 semper
1521 2787 1734 2824 laudantur.
1783 2788 1858 2824 Sed
1883 2789 1966 2833 plus

31 2818 34 2822 ¹
79 2873 83 2875 r
160 2842 262 2877 valet
287 2842 352 2877 illa
389 2845 529 2878 aetate:
567 2842 616 2880 cf.
641 2843 929 2880 Radermacher.
956 2844 1055 2879 Mus.
1082 2844 1202 2880 Rhen.
1228 2844 1304 2879 LII
1331 2845 1399 2880 597
1421 2845 1507 2880 adn.
1536 2847 1553 2880 1
1575 2847 1966 2892 „Xenophonschwiiv

155 2912 236 2936 mer
260 2901 333 2946 gab
359 2912 398 2936 es
423 2901 539 2936 schon
563 2914 627 2937 zur
650 2902 734 2938 Zeit
760 2903 910 2938 Ciceros
936 2907 1006 2947 (or.
1033 2904 1108 2948 32);
1149 2904 1227 2938 sein
1253 2903 1404 2939 Einfiuss
1438 2905 1502 2939 auf
1538 2905 1598 2941 die
1619 2904 1809 2940 Literatur
1841 2906 1966 2941 macht

132 2991 134 2996 ,
155 2959 235 2994 sich
260 2962 337 2995 erst
361 2961 433 2996 seit
459 2961 532 2996 Dio
557 2961 843 3006 chrysostomus
868 2962 1130 3006 bemerkbar‘3
1162 2963 1261 2998 idem
1287 2953 1386 3008 apud
1412 2964 1731 3008 Pauly-Wissowa
1757 2965 1910 3010 Encycl.
1936 2979 1965 3001 r.

156 3018 237 3053 VII
262 3019 296 3064 2,
321 3019 427 3063 2411,
451 3020 497 3055 35
523 3032 553 3055 s.
580 3033 615 3055 v.
641 3020 929 3066 Harpocration,
967 3022 1170 3056 Arrianum
1207 3022 1317 3057 affert
1355 3023 1485 3068 „einen
1522 3023 1655 3059 echten
1681 3024 1875 3060 Vertreter
1901 3025 1966 3060 der

156 3078 588 3122 Xenophonromantik.“
1731 3112 1734 3114 ,

299 3137 328 3183 ³)
354 3136 412 3174 Of.
436 3137 526 3173 Joh.
554 3138 800 3187 Wegehaupt,
827 3139 881 3176 De
905 3139 1027 3176 Dione
1053 3140 1182 3188 Chrys.
1209 3140 1471 3189 Xenophontis
1497 3144 1680 3179 sectatore
1706 3143 1839 3188 (1896).
