2138 3438
951 139 1247 180 -56-

191 283 366 334 ceptum
404 279 552 334 aliquo
585 280 715 323 modo
754 295 776 323 e
810 281 966 323 ceteris
1000 279 1249 323 Stoicorum
1285 280 1462 335 placitis
1500 281 1754 324 derivasset.
1798 282 2006 326 Comme·

191 351 453 393 morandum
489 355 721 406 praeterea
759 356 826 394 est
856 352 1114 406 scriptorem
1153 351 1345 406 optimae
1384 352 1499 395 vitae
1531 353 1731 408 exempla
1773 353 2006 397 ostendere

189 421 318 464 haec:
349 422 579 475 Periclem,
608 422 865 478 Archytam,
897 423 1102 475 Dionem,
1134 423 1502 477 Epaminondam.
1535 423 1647 468 Cum
1668 424 1806 467 addat
1831 425 1895 468 ὧν
1913 427 2004 469 ἄτε-

190 493 309 547 ροςῑ)
344 494 580 542 Πλάτωνος
609 496 766 550 ἐγένετο
798 496 1104 550 συνουσιαστής,
1137 508 1181 536 se
1206 493 1325 542 illius
1351 493 1604 550 philosophi
1630 495 1884 550 opinionem
1915 510 2005 539 sec·
2060 539 2063 542 Α

188 564 277 606 tari
309 565 578 620 comprobat,
625 580 724 607 cum
757 565 1082 620 philosophiam
1115 578 1213 607 cum
1244 566 1439 619 regenda
1476 580 1523 608 re
1554 566 1733 622 publica
1764 567 2006 623 coniungit.

189 635 318 678 Licet
347 636 474 679 nobis
502 637 677 691 quidem
705 636 816 678 nihil
842 637 958 679 inter
981 636 1083 679 illos
1110 650 1339 679 commune
1365 651 1460 680 esse
1483 637 1697 691 videatur,
1729 642 1879 681 tamen
1911 639 2004 682 sine

190 707 322 749 dubio
362 708 552 762 scriptor
596 722 640 750 se
673 707 876 750 Platonis
920 711 1184 750 sectatorem
1229 722 1323 750 esse
1366 712 1506 763 putat.
1557 708 1789 764 Quomodo
1829 709 1883 752 de
1917 710 2031 773 hac·

189 777 391 820 Platonis
422 779 667 822 imitatione
705 779 996 821 iudicandum
1028 780 1096 833 sit,
1134 793 1184 821 ex
1217 779 1304 822 alio
1345 779 1440 822 loco
1474 779 1636 822 elucet:
1685 782 1735 823 11
1757 781 1798 823 E
1830 783 1930 825 ὅταν
1960 784 2001 825 δ’

189 850 242 892 αὗ
275 851 399 893 πάλιν
429 853 669 907 ἐνθυμηθῶ
702 852 772 894 τὸν
803 851 1032 907 Σωκράτη,
1069 852 1139 894 τὸν
1170 851 1394 905 Πλάτωνα,
1426 853 1497 894 τὸν
1529 852 1796 907 Ξενοφῶντα,
1826 853 1897 895 τὸν
1927 853 2004 896 Αἶ-

188 923 344 976 σχίνην,
383 922 453 964 τὸν
496 922 678 978 Κέβητα,
722 923 791 965 τὸν
834 924 968 965 πάντα
1010 923 1143 977 χορὸν
1185 925 1359 965 ἐκείνων
1400 927 1486 966 τῶν
1532 925 1715 978 ἀνδρῶν,
1758 926 1804 966 οἳ
1829 956 1837 966 .
1872 956 1880 965 .
1915 960 1922 967 .
1955 924 2004 966 τὰ

186 994 382 1046 μειράκια
426 996 673 1049 προήγαγον
709 996 778 1037 ἐπί
818 1010 859 1036 τε
902 995 1092 1037 παιδείαν
1135 995 1205 1036 καὶ
1236 995 1309 1049 τὴν
1340 995 1491 1049 ἀρετὴν
1521 999 1607 1037 τῶν
1636 995 1807 1049 τρόπων
1838 1012 1876 1037 κ.
1907 1013 1938 1038 τ.
1969 996 2003 1037 λ.

189 1061 307 1117 Quid
357 1077 409 1106 ea
464 1064 598 1107 verba
653 1068 700 1107 in
756 1065 983 1118 scriptoris
1038 1068 1234 1119 tempore
1290 1064 1546 1119 indagando
1602 1065 1792 1118 valeant,
1847 1069 2005 1120 postea

189 1135 489 1188 quaerendum
523 1137 618 1178 erit.
662 1136 794 1179 Nunc
827 1150 926 1178 eum
958 1135 1250 1179 Socraticis
1289 1150 1335 1178 se
1369 1136 1575 1179 dedicare
1607 1137 1889 1191 perspicuum
1920 1140 2004 1189 est;

188 1219 323 1259 quare
358 1207 586 1261 opiniones
618 1208 710 1249 eius
749 1222 848 1249 cum
884 1207 989 1258 illis,
1019 1208 1047 1249 i.
1082 1223 1116 1249 e.
1148 1208 1387 1262 praecipue
1419 1207 1721 1262 Xenophonte
1754 1208 2004 1263 comparari

186 1282 385 1330 possunt,
432 1279 537 1332 quia
569 1279 805 1322 Platonem
838 1279 993 1321 eodem
1037 1278 1135 1321 loco
1174 1294 1260 1333 quo
1301 1283 1468 1321 ceteros
1501 1278 1647 1332 habet,
1690 1293 1743 1321 ex
1781 1293 1867 1334 quo
1905 1293 2005 1322 eum

186 1347 306 1389 illius
338 1363 467 1392 verae
499 1350 808 1404 philosophiae
841 1350 994 1393 rudem
1031 1350 1125 1392 fere
1158 1350 1290 1392 fuisse
1328 1351 1539 1404 sequitur.
1589 1350 1652 1392 Ut
1682 1350 1819 1404 igitur
1849 1350 2004 1393 Xeno·
2073 1363 2076 1366 ·

186 1419 366 1473 phontis
400 1421 621 1464 sententia
647 1421 928 1476 philosophia
959 1421 1005 1464 id
1030 1421 1268 1463 maximum
1295 1421 1441 1475 efficit,
1481 1426 1531 1463 ut
1554 1421 1754 1464 homines
1785 1422 2004 1476 sapientia

185 1490 376 1533 instituti
409 1506 499 1534 rem
531 1492 754 1547 publicam
792 1492 902 1535 bene
941 1493 1247 1535 administrare
1281 1492 1507 1550 disoant2)‚
1546 1493 1608 1535 sic
1639 1492 2004 1536 Ps.-Plutarchus

186 1562 318 1604 vitam
364 1563 549 1606 activam
593 1563 901 1618 philosophiae
946 1567 989 1606 et
1031 1564 1205 1607 virtutis
1249 1564 1396 1606 studio
1444 1568 1668 1606 carentem
1711 1567 1902 1620 ἄμουσον
1933 1566 2004 1608 καὶ

186 1634 410 1690 πλημμελῆ
442 1635 642 1689 appellat
674 1640 717 1677 et
742 1636 987 1690 potentiam
1014 1635 1286 1690 gloriamque
1314 1649 1411 1677 cum
1438 1635 1573 1678 animi
1599 1635 2003 1697 cultu‘morumque

185 1704 455 1758 perfectione
484 1707 763 1749 coniunctam
784 1722 998 1749 summum
1016 1706 1181 1748 bonum
1201 1710 1339 1761 putat.
1364 1707 1525 1761 Itaque
1549 1721 1639 1749 non
1658 1706 1843 1749 multum
1865 1707 2004 1760 abest,

187 1777 292 1829 quin
313 1777 466 1819 eodem
484 1778 614 1820 modo
644 1793 729 1833 quo
751 1778 1008 1833 Xenophon
1035 1778 1279 1833 sapientiae
1301 1777 1495 1820 studium
1515 1779 1738 1833 potentiae
1759 1777 2004 1820 subsidium

185 1847 365 1902 habeat,
410 1848 529 1891 illius
561 1852 677 1892 enim
711 1850 932 1892 sententia
964 1850 1185 1904 sapientia
1230 1849 1287 1892 ad
1325 1850 1460 1892 vitam
1500 1864 1634 1904 quam
1666 1850 1829 1904 optime
1867 1853 2002 1904 atque

185 1917 418 1962 utilissime
442 1921 759 1964 instituendam
786 1921 1029 1978 pertinet3).
1065 1946 1112 1952 ——
1149 1921 1212 1964 Ut
1237 1921 1426 1975 denique
1453 1921 1561 1975 quid
1585 1921 1783 1975 sentiam,
1813 1920 2003 1963 breviter

185 1994 400 2043 repetam:
445 1992 490 2033 in
522 1992 710 2034 vitarum
750 1992 1055 2035 aestimatione
1086 1991 1454 2035 Ps.-Plutarchus
1491 1991 1852 2047 philosophorum
1884 1992 2002 2047 cogi·
2069 1998 2076 2007 '

184 2061 426 2104 tationibus
460 2067 592 2117 atque
625 2064 770 2105 verbis
801 2064 940 2105 utitur
971 2089 1028 2095 -
1059 2078 1162 2106 nam
1194 2067 1237 2106 et
1267 2063 1568 2118 Peripatetica
1599 2068 1643 2106 et
1676 2063 1827 2106 Stoica
1855 2063 2001 2106 inesse

186 2133 422 2175 verisimile
455 2138 522 2176 est
560 2161 615 2164 —
655 2135 733 2177 sed
766 2135 942 2176 minime
976 2134 1225 2177 doctrinam
1255 2134 1395 2176 ullam
1427 2138 1632 2177 sectatur.
1677 2134 1885 2177 Ceterum
1914 2133 2002 2177 hoc

184 2202 282 2245 loco
314 2204 414 2258 plus
447 2219 579 2259 quam
611 2205 792 2260 reliquis
825 2206 879 2247 de
912 2220 988 2248 suo
1022 2219 1151 2260 agere
1183 2205 1290 2247 mihi
1322 2206 1499 2259 quidem
1530 2205 1718 2257 videtur,
1752 2205 1873 2259 quod
1900 2204 2001 2248 aliis
2053 2260 2055 2262 ,

186 2274 293 2317 locis
326 2276 511 2318 eundem
547 2277 739 2319 animum
771 2277 964 2332 praebet.

330 2429 356 2475 ¹)
385 2431 476 2466 Cum
505 2431 713 2466 editoribus
739 2434 883 2478 ἅτερος
908 2431 1161 2466 coniecturam
1188 2430 1363 2465 dubitans
1385 2430 1539 2475 recipio.
1566 2429 1751 2465 Heroheri
1771 2429 2001 2474 emendatio,

185 2490 248 2533 qui
276 2490 322 2524 ob
342 2491 634 2526 concinnitatem
654 2491 794 2525 laesam
819 2502 862 2526 ea
886 2491 1002 2526 verba
1019 2493 1150 2535 postea
1169 2491 1309 2526 inserta
1326 2501 1405 2525 esse
1424 2490 1616 2524 existimat
1641 2489 1816 2534 (Hermes
1828 2488 1888 2523 XI
1901 2489 2000 2533 227),

187 2551 284 2593 apud
303 2549 402 2584 hunc
429 2550 579 2594 quidem
606 2551 828 2595 scriptorem
854 2551 958 2595 gravi
985 2551 1130 2585 ratione
1157 2553 1268 2585 caret.
1308 2550 1441 2584 Cobeti
1474 2550 1689 2585 coniectura
1720 2548 1779 2584 ὧν
1809 2549 2001 2595 ἑκάτερος

186 2604 295 2654 (περὶ
327 2611 569 2655 φιλοσοφίαν
594 2609 822 2646 ἐσπούδασε
851 2611 916 2646 καὶ
947 2610 969 2645 ὁ
992 2610 1068 2655 μὲν
1093 2608 1266 2654 Λύσιδος
1297 2610 1319 2645 ὁ
1351 2608 1389 2644 δ’
1410 2610 1566 2655 ἕτερος)
1594 2609 1811 2653 Πλάτωνος
1834 2608 2000 2654 ἐγένετο

186 2670 469 2714 συνουσιαστής
495 2680 722 2713 supervacua
747 2672 803 2703 est
828 2680 949 2714 neque
976 2669 1147 2715 quadrat,
1186 2669 1285 2714 quod
1310 2669 1395 2703 illos
1432 2667 1689 2713 philosophiae
1714 2667 1901 2703 studuisse
1924 2668 2000 2702 iam

186 2730 297 2762 antea
317 2727 459 2762 dictum
480 2731 546 2762 est.
574 2729 636 2763 An
662 2740 793 2763 revera
818 2729 1051 2772 scriptorem,
1078 2740 1151 2773 qua
1176 2731 1257 2763 erat
1282 2739 1406 2763 rerum
1430 2728 1590 2770 inscitia,
1616 2726 1899 2772 Epaminondae
1918 2727 2000 2772 glo-

186 2786 279 2820 riam
307 2787 353 2820 ad
379 2787 549 2822 Platonis
576 2788 743 2823 scholam
774 2799 966 2822 revocasse
993 2787 1190 2832 putemus?
1235 2787 1357 2822 Simili
1387 2787 1500 2821 modo
1527 2785 1783 2821 Hartmannus
1809 2786 2002 2837 ἑκάτερος

188 2845 356 2881 defendit
383 2849 495 2891 atque
523 2859 599 2881 rem
626 2847 671 2881 ab
699 2849 852 2882 auctore
878 2847 923 2881 de
950 2847 1133 2882 industria
1158 2846 1285 2882 fictam
1311 2858 1389 2881 esse
1416 2849 1552 2881 censet.

334 2916 361 2962 ²)
390 2917 444 2953 Cf.
467 2929 496 2952 e.
523 2930 559 2963 g.
586 2918 700 2953 Mem.
721 2917 741 2952 I
767 2919 799 2962 2,
826 2918 872 2953 48
900 2945 907 2952 .
930 2945 937 2952 .
959 2946 966 2953 .
987 2919 1050 2953 καὶ
1078 2919 1174 2964 οἴκῳ
1200 2919 1262 2953 καὶ
1288 2918 1460 2962 οἰκέταις
1483 2918 1546 2953 καὶ
1571 2918 1703 2963 φίλοις
1718 2918 1781 2953 καὶ
1799 2917 1918 2953 πόλει
1935 2918 1999 2953 καὶ
2060 2931 2063 2934 ⁴

186 2977 366 3021 πολίταις
391 3003 398 3011 .
421 3006 426 3012 .
449 3004 456 3012 .
478 2979 613 3022 καλῶς
633 2979 810 3023 χρῆσθαι.

330 3047 357 3090 ³)
385 3047 440 3083 Of.
467 3048 580 3083 Mem.
602 3048 660 3083 IV
683 3050 712 3091 1,
736 3049 756 3082 2
786 3075 794 3083 .
816 3076 823 3084 .
846 3073 853 3082 .
878 3054 958 3084 τῶν
981 3050 1225 3094 μαθημάτων
1249 3050 1425 3092 πάντων,
1449 3046 1501 3083 δι’
1521 3047 1580 3083 ὧν
1597 3048 1704 3083 ἔστιν
1722 3049 1848 3084 οἰκίαν
1870 3059 1915 3083 τε
1933 3059 2000 3083 κα-

188 3106 272 3149 λῶς
297 3108 418 3141 οἰκεῖν
443 3108 505 3142 καί
531 3108 651 3143 πόλιν
675 3109 737 3142 καὶ
764 3108 808 3142 τὸ
835 3109 934 3143 ὅλον
960 3109 1228 3154 ἀνθρωπίνοις
1250 3109 1477 3154 πράγμασιν
1503 3105 1549 3143 εὖ
1568 3107 1745 3153 χρῆσθαι,
1770 3106 1926 3151 saepius.
