2138 3438
972 126 1260 167 ...24-

210 283 306 312 esse
333 269 618 324 conspicuum
644 273 720 311 est.
746 269 945 311 Eaedem
966 282 1064 310 cum
1090 268 1178 309 sint
1196 268 1244 309 in
1262 266 1570 322 philosophiae
1590 272 1717 323 parte
1738 267 2027 325 cohortafiva,

213 340 330 394 quod
369 341 677 383 educationem
722 343 854 394 atque
891 339 1214 381 institutionem
1259 338 1463 381 omnibus
1500 340 1774 382 necessarias
1818 353 1912 382 esse
1951 339 2026 383 ‹le-¹

209 415 467 464 monstrant,
499 411 616 466 apud
635 415 834 466 posteros
855 424 1025 465 semper
1046 424 1121 452 eas
1146 410 1338 464 viguisse
1360 413 1701 453 consentaneum
1727 414 1804 453 est.
1830 410 1893 454 Ut
1915 411 2026 454 haec

212 482 428 525 adferam:
448 483 679 537 Epictetus
693 482 815 525 Diss.
829 482 878 524 II
894 484 932 535 9,
951 483 1003 524 13
1026 480 1125 524 Sch.
1147 482 1215 524 διὰ
1234 486 1354 524 τοῦτο
1374 483 1728 537 παραγγέλλουσιν
1747 485 1787 525 οἳ
1802 484 2027 538 φιλόσοφοι

211 555 269 609 μὴ
298 556 518 608 ἀρκεῖσθαι
542 555 664 609 μόνῳ
688 555 760 608 τῷ
773 555 938 610 μαθεῖν,
970 553 1072 595 ἀλλὰ
1093 553 1162 595 καὶ
1181 553 1354 607 μελέτην
1371 552 1720 608 προσλαμβάνειν,
1751 555 1832 596 εἶτα
1851 556 2028 609 ἄσκησιν
2070 556 2075 560 ’

210 642 248 667 κ.
269 643 300 667 τ.
321 626 355 668 λ.
387 624 455 667 vel
487 625 720 667 Musonius
760 639 827 678 ap.
860 623 982 667 Stob.
1021 623 1117 665 Eol.
1148 623 1200 665 II
1234 625 1333 675 193,
1374 624 1400 666 9
1420 623 1492 666 W.
1532 624 1577 667 τὸ
1613 625 1716 671 ἔθος
1752 626 1889 668 ἐδόκει
1924 627 2027 668 εἶναι

212 698 526 751 ἀνυσιμώτερον
557 695 647 753 (τοῦ
679 695 840 752 λόγου),
872 695 978 737 ibid.
1004 696 1103 747 238,
1134 697 1190 737 26
1212 729 1220 737 .
1243 726 1252 736 .
1275 727 1284 736 .
1309 696 1527 738 διδακτέον
1547 728 1554 736 .
1577 728 1585 737 .
1607 729 1615 736 .
1647 695 1804 738 deinde
1830 697 2028 739 ἕθισθέον

211 766 279 809 vel
305 767 527 809 Lucianus
559 766 733 809 Anach.
765 781 798 810 0.
826 769 901 809 202
936 768 1073 822 φύσις,
1105 767 1328 821 παίδευσις,
1358 767 1591 821 μαθήματα
1612 799 1620 808 .
1643 799 1681 809 ..
1713 768 1785 822 ὑφ’
1815 766 1879 810 ὧν
1907 768 1955 810 τά
1985 783 2027 810 τε

212 840 384 894 εὐφυῶς
417 840 655 893 διακείμενα
686 840 833 893 βελτίω
866 839 981 891 παρὰ
1011 838 1120 880 πολὺ
1147 838 1312 892 γίγνοιτ’
1338 839 1390 879 ἂν
1416 838 1485 879 καὶ
1508 838 1557 879 τὰ
1582 837 1758 892 φαύλως
1783 840 1928 892 ἔχοντα
1953 853 2026 892 με·

210 914 459 964 τακοσμοῖτο
484 910 593 963 πρὸς
617 911 661 952 τὸ
692 910 862 964 βέλτιον.
901 907 1185 951 Oonsimilem
1217 921 1318 950 vero
1350 907 1496 950 locum
1529 907 1698 951 Seneca
1727 908 1911 963 praebet
1939 908 2024 963 Ep.

214 982 283 1032 50,
319 982 344 1022 6
376 981 450 1022 Sed
478 994 557 1023 nee
589 982 799 1023 indurata
830 982 1016 1035 despero.
1056 980 1174 1022 nihil
1203 983 1276 1034 est,
1312 980 1429 1034 quod
1458 993 1549 1021 non
1580 983 1796 1035 expuynet
1818 980 2028 1035 pertinum

212 1065 341 1106 opera
378 1051 454 1105 (cf.
491 1051 641 1109 πόνος)
679 1055 719 1094 et
754 1053 926 1094 intenta
965 1066 1015 1095 ac
1047 1052 1231 1106 diliyens
1262 1066 1370 1094 eura
1401 1050 1473 1104 (cf.
1506 1052 1758 1105 ἕπιμέλεια);,
1786 1051 1940 1093 robora
1975 1051 2028 1093 in
2077 1055 2082 1060 '

210 1126 374 1165 rectum
406 1124 606 1178 quamvis
637 1124 750 1179 flexa
780 1123 1012 1177 revocabis,
1051 1126 1254 1165 curvatas
1292 1123 1430 1165 trabes
1467 1124 1584 1165 calor
1620 1122 1806 1178 explieat
1833 1125 1875 1165 et
1901 1122 2030 1165 aliter

211 1198 338 1237 natae
368 1195 419 1236 in
448 1195 497 1237 id
532 1196 781 1250 ftnyzmtur,
818 1196 931 1249 quod
967 1208 1077 1236 usus
1121 1198 1267 1236 noster
1305 1194 1438 1248 exiyit
1476 1193 1549 1247 (cf.
1580 1195 1625 1236 τὸ
1660 1194 1776 1248 παρὰ
1814 1194 1997 1249 φύσιν..
2015 1223 2026 1234 .

210 1272 283 1308 τοῦ
316 1267 419 1309 κατὰ
452 1268 578 1322 φύσιν
614 1268 773 1321 ἐγένετο
811 1265 1023 1322 κρεῖττον).
1068 1265 1158 1307 Res
1198 1264 1354 1307 eadem
1392 1269 1468 1316 est,
1513 1264 1712 1319 exempla
1748 1264 1859 1306 miro
1896 1263 2026 1307 modo

213 1337 436 1379 contraria
449 1338 621 1379 ratione
636 1341 963 1391 comparantur.
985 1336 1139 1390 Neque
1156 1335 1296 1378 solum
1312 1335 1432 1390 apud
1447 1335 1621 1379 Stoicos
1634 1334 1703 1377 vel
1717 1349 1803 1389 eos,
1817 1335 1892 1390 qui
1904 1335 2027 1378 iuxta

212 1412 325 1461 sunt,
344 1407 446 1450 talis
466 1409 613 1462 opinio
634 1407 764 1459 valet,
784 1422 914 1462 quam
934 1421 1013 1462 per
1033 1421 1077 1449 se
1093 1407 1357 1461 Cynicorum
1377 1407 1538 1449 rationi
1559 1407 1746 1449 maxime
1761 1406 2026 1461 respondere

211 1479 363 1533 negari
401 1493 490 1521 non
533 1482 693 1534 potest,
738 1479 815 1521 sed
851 1479 986 1521 latior
1024 1482 1136 1521 erat:
1179 1478 1418 1521 secundum
1456 1477 1687 1520 Iamblich.
1730 1478 1799 1520 De
1831 1493 1868 1521 v.
1899 1477 2026 1533 Pyth.

212 1552 294 1592 201
332 1565 394 1604 sq.
432 1550 636 1593 educatio
682 1565 709 1593 a
752 1551 896 1605 prima
941 1554 1086 1593 aetate
1117 1549 1390 1592 instituenda
1422 1553 1500 1602 est,
1541 1551 1627 1592 203
1659 1551 1822 1604 ταχέως
1852 1550 1931 1605 γὰρ
1962 1551 2026 1598 ἐξ·

212 1624 400 1665 ίστασθαι
430 1624 475 1665 τὸ
508 1625 622 1677 ζῷον
652 1624 780 1665 ἒαθέν
810 1640 850 1665 τε
882 1624 952 1665 καὶ
982 1623 1247 1677 ὀλιγωρηθὲν
1277 1625 1334 1668 εἷς
1366 1623 1517 1664 κακίαν
1546 1638 1586 1664 τε
1618 1622 1688 1663 καὶ
1719 1622 1953 1677 φαυλότητα
1984 1623 2030 1663 et

212 1693 265 1735 de
297 1695 462 1749 ἐθισμῷ
494 1695 580 1736 204
613 1696 773 1737 οὗκοῦν
803 1696 871 1736 ἐπί
893 1711 937 1748 γε
962 1699 1046 1736 τῶν
1071 1695 1232 1736 λοιπῶν
1266 1694 1394 1748 ζῴων
1424 1698 1544 1736 τοῦτο
1577 1693 1761 1747 ὁρᾶσθαι
1781 1694 2028 1748 συμβαῖνον,

213 1767 291 1807 ὅσα
329 1766 400 1807 ὑπ’
430 1767 682 1820 ἀνθρώπων
717 1767 964 1818 παιδεύεται,
1005 1766 1092 1808 ἀλλ’
1122 1766 1252 1812 εὐθὺς
1289 1767 1334 1813 ἒξ
1366 1766 1509 1819 ἀρχῆς,
1553 1765 1624 1806 τόν
1660 1781 1700 1806 τε
1737 1765 1927 1807 σκύλακα
1957 1763 2029 1806 καὶ

212 1837 281 1878 τὸν
312 1839 469 1884 πῶλον,
507 1842 630 1880 ταῦτα
663 1838 958 1886 συνεθίζεσθαί
987 1854 1024 1879 τε
1057 1838 1127 1879 καὶ
1158 1837 1402 1891 μανθάνειν,
1439 1838 1466 1877 ἃ
1493 1836 1629 1890 δεήσει
1658 1837 1847 1890 πράττειν
1876 1835 2030 1882 αὐτοὺς

212 1909 523 1961 τελειωθέντας;
568 1908 626 1951 id.
665 1908 885 1962 Protrept.
925 1922 959 1950 0.
992 1910 1017 1950 6
1057 1912 1101 1950 et
1134 1922 1202 1962 ap.
1236 1906 1359 1950 Stob.
1402 1906 1498 1949 Ecl.
1536 1906 1586 1948 II
1617 1921 1658 1961 p.
1690 1908 1790 1959 229,
1822 1908 1847 1948 5
1879 1905 1952 1948 W.
1984 1908 2030 1948 et

212 1979 281 2021 De
314 1993 351 2020 v.
382 1978 509 2034 Pyth.
542 1980 628 2021 209
663 1981 749 2022 δεῖν
781 1980 858 2022 οὖν
889 1981 985 2026 τούς
1016 1996 1058 2022 τε
1089 1980 1241 2026 παῖδας
1274 1981 1343 2021 καὶ
1373 1979 1443 2025 τὰς
1475 1980 1719 2033 παρθένους
1748 1980 1794 2020 ἕν
1817 1978 1964 2024 πόνοις
1987 1994 2029 2020 τε

213 2051 282 2092 καὶ
321 2053 560 2106 γυμνασίοις
599 2052 668 2092 καὶ
706 2053 938 2105 καρτερίαις
975 2046 1068 2097 ταῖς
1092 2052 1409 2105 προσηκούσαις
1446 2052 1611 2105 τρέφειν
1648 2050 1810 2105 τροφὴν
1841 2050 2028 2104 προσφέ-

212 2137 361 2175 ροντας
393 2123 466 2176 τὴν
498 2123 786 2176 ἁρμόττουσαν
818 2123 1038 2177 φιλοπόνῳ
1069 2139 1109 2164 τε
1142 2123 1213 2164 καὶ
1243 2123 1436 2176 σώφρονι
1467 2122 1537 2163 καὶ
1568 2125 1803 2175 καρτερικῷ
1833 2122 1928 2175 βίῳ.
1958 2119 2030 2162 Ex

211 2191 296 2234 1100
327 2192 423 2234 1000
457 2191 688 2235 Schickius
720 2191 747 2234 1.
773 2191 800 2234 1.
826 2208 867 2246 p.
895 2194 965 2243 27,
993 2193 1091 2234 adn.
1126 2193 1196 2243 49,
1229 2192 1305 2233 ubi
1337 2191 1570 2233 Iamblichi
1594 2191 1763 2234 fontem
1789 2216 1847 2221 —
1871 2203 2028 2246 nempe

213 2264 307 2305 iure
339 2289 397 2293 -
428 2262 743 2306 Aristoxenum
781 2262 916 2305 fuisse
951 2265 1027 2315 ait,
1066 2262 1269 2305 laborum
1307 2266 1351 2304 et
1384 2263 1519 2304 durae
1552 2262 1879 2304 exercitationis
1911 2275 2028 2304 com-

212 2334 542 2377 mendationem
567 2335 961 2389 Peripateticorum
994 2348 1168 2389 quoque
1201 2335 1424 2388 propriam
1454 2333 1592 2375 fuisse
1626 2326 1864 2376 concludit.
1915 2332 2028 2376 Cum

213 2406 449 2448 Iamblichi
477 2411 623 2448 autem
651 2406 857 2461 opinione
882 2405 1093 2448 facillime
1120 2406 1366 2459 comparari
1392 2418 1534 2459 posse,
1569 2418 1682 2459 quae
1709 2403 1918 2447 Ps.-Plut.
1942 2404 2028 2446 hoc
2074 2422 2076 2425 ·

213 2476 310 2519 loco
344 2481 387 2519 et
420 2479 444 2520 8
466 2477 515 2530 O,
548 2478 604 2531 D,
637 2479 662 2519 9
683 2477 740 2530 D,
775 2479 827 2519 12
850 2476 884 2520 O
918 2476 1102 2531 profert;
1137 2490 1272 2531 quare
1304 2476 1351 2517 in
1381 2475 1510 2518 huius
1537 2475 1763 2530 scriptoris
1796 2475 2027 2517 sententiis

215 2547 462 2590 Stoicorum
494 2549 562 2590 vel
588 2548 850 2603 Cynicorum
877 2549 1061 2603 vestigia
1093 2561 1330 2603 agnoscere
1362 2547 1541 2589 minime
1575 2550 1788 2601 oportere.
1822 2547 1906 2590 Oui
1931 2560 2026 2589 sen-

212 2620 377 2662 tentiae
410 2619 612 2674 equidem
644 2619 778 2674 plane
811 2619 1046 2662 adsentior.
1087 2619 1202 2661 Mihi
1235 2633 1407 2673 quoque
1439 2618 1605 2660 Ioe'lius
1642 2632 1731 2660 non
1763 2621 1881 2660 recte
1912 2617 2027 2660 iudi-

215 2704 336 2733 casse
369 2690 553 2743 videtur,
587 2692 662 2745 qui
693 2691 719 2733 1.
752 2691 778 2733 l.
812 2707 852 2746 p.
885 2693 954 2744 51,
986 2691 1085 2733 adn.
1116 2694 1133 2732 1
1166 2691 1220 2733 de
1244 2690 1327 2733 hoc
1346 2688 1672 2733 Ps-Plutarchi
1698 2689 1843 2744 capite
1863 2689 2029 2732 scribat

220 2776 290 2813 „es
340 2766 494 2804 strotzt
543 2777 627 2804 von
670 2762 911 2816 kynischen
950 2762 1257 2804 Tendenzen“.
1300 2761 1418 2804 Nam
1455 2775 1582 2804 nemo
1622 2759 1799 2815 quidem
1835 2759 2028 2816 negabit,

214 2847 327 2887 quae
382 2833 456 2875 ille
514 2834 578 2875 vir
627 2834 781 2876 doctus
833 2838 1092 2887 argumenta
1141 2832 1299 2885 adfert,
1356 2832 1543 2875 refutari
1592 2846 1681 2874 non
1729 2846 1871 2886 posse,
1929 2845 2027 2874 cum

213 2951 529 2998 καταδεεστέραν
550 2979 557 2987 .
579 2979 586 2987 .
611 2952 682 2997 τὴν
709 2953 827 2997 φύσιν
852 2952 1017 2998 ἔχοντας
1037 2978 1044 2986 .
1066 2979 1074 2986 .
1101 2958 1187 2997 ταῖς
1206 2952 1450 2997 ἐπιμελείαις
1467 2952 1724 2998 προέχοντας,
1749 2951 1808 2986 ὅτι
1824 2952 2028 2996 γίγνονται

215 3012 439 3055 κρείττονες
463 3013 509 3045 οὐ
530 3011 657 3056 μόνον
683 3011 838 3047 ἑαυτῶν
858 3012 962 3046 ἀλλά
980 3013 1043 3047 καὶ
1063 3016 1143 3047 τῶν
1160 3010 1206 3047 εὖ
1228 3012 1305 3056 μὲν
1330 3011 1584 3056 πεφυκότων,
1607 3011 1696 3046 λίαν
1722 3008 1760 3044 δ’
1781 3010 1912 3045 αὐτῶν
1937 3020 2027 3044 κατ·

214 3069 486 3115 ημεληκότωνς
502 3069 548 3104 cf.
563 3073 756 3114 praeterea
775 3070 844 3105 209
862 3078 948 3115 ταῖς
966 3071 1219 3116 φιλοπονίαις
1238 3070 1503 3115 ἁλισκομένας
1520 3072 1558 3104 et
1571 3068 1704 3105 Ps.-P1.
1720 3069 1742 3103 2
1756 3069 1784 3103 O
1806 3068 1852 3103 τὰ
1867 3067 2026 3113 χαλεπὰ

214 3129 458 3173 ἐπιμελείαις
483 3130 692 3165 ἁλίσκεται.
