2138 3438
942 130 1232 170 —94—

172 279 256 327 της,
294 274 345 314 12
378 271 514 313 virtus
547 270 694 312 media
725 270 839 312 inter
872 271 1096 313 κολακείαν
1128 273 1171 312 et
1197 273 1450 326 φιλονεικίαν
1492 271 1520 312 1.
1563 285 1601 313 e.
1634 272 1789 325 ὁμιλεῖν
1820 272 1883 318 ὡς
1920 271 1994 320 δεῖ,

179 343 234 385 13
265 342 414 385 media
445 342 559 384 inter
591 343 836 391 ἀλαζονείαν
868 345 912 383 et
942 343 1170 396 εἰρωνείαν,
1217 342 1273 383 14
1305 343 1560 397 εὐτραπελία,
1605 343 1860 398 εὗὸεξιότης,·
1913 341 1994 394 IV,

178 415 246 463 12,
280 410 437 456 1126b
468 415 518 455 11
555 415 599 456 ἓν
632 414 677 455 δὲ
707 418 794 460 ταῖς
826 414 1002 467 ὁμιλίαις
1035 413 1104 455 καὶ
1135 418 1194 467 τῷ
1220 414 1349 468 συζῆν
1368 414 1449 468 ,καὶ
1473 414 1613 468 λόγων
1638 414 1708 456 καὶ
1733 415 1994 469 πραγμάτων

175 491 393 529 κοινωνεῖν
425 503 463 528 κ,
494 503 526 528 τ.
552 486 584 526 λ.
612 517 622 527 .
649 518 657 527 .
683 485 984 540 Σωφροσύνης
1021 487 1227 525 naturam
1270 483 1336 526 ita
1380 483 1634 527 adumbrat:
1682 485 1795 527 1127
1818 498 1845 526 a
1865 485 1922 526 23
1948 516 1958 526 .
1982 515 1992 531 ,

171 558 268 611 περὶ
297 558 583 612 σωφροσύνης
625 558 826 610 λέγωμεν·
878 557 1054 598 δοκοῦσι
1084 555 1164 610 γὰρ
1207 559 1293 597 τῶν
1334 556 1501 610 ἀλόγων
1543 560 1689 611 μερῶν
1731 557 1833 599 εἶναι
1876 554 1996 598 αὗται

175 631 217 671 αἱ
249 631 401 683 ἀρεταί.
426 630 488 671 ὅτι
512 629 590 682 μὲν
622 628 700 670 οὖν
731 628 910 681 μεσότης
933 628 1014 669 ε’στὶ
1038 628 1133 679 περὶ
1158 627 1318 681 ἡδονὰς
1342 628 1367 681 ἡ
1400 628 1672 682 σωφροσύνη,
1698 629 1851 682 εἴρηται
1883 629 1994 682 ἡμῖν.
2038 653 2041 655 -

175 699 453 742 Facillimum
475 703 540 741 est
561 698 778 752 suspicari
799 697 1225 751 Theophrastum
1245 697 1341 739 hac
1356 696 1552 739 virtute
1572 711 1663 740 non
1676 697 1815 739 solam
1828 701 1993 740 rectam

174 771 219 812 in
253 769 484 813 affectibus
517 774 560 812 et
589 769 851 811 libidinibus
883 768 1246 819 mediocritatem,
1280 768 1358 810 sed
1384 782 1556 810 omnes
1581 768 1806 811 virtutes
1837 782 1994 811 mora-

176 841 250 884 les
284 841 610 896 complexum
651 854 777 892 esse,
824 854 922 882 cum
967 839 1195 894 scripserit
1225 839 1302 882 illo
1333 839 1447 882 libro
1491 842 1586 895 περὶ
1629 843 1791 894 ἀρετῶν
1830 844 1856 896 ἢ
1899 841 1996 895 περὶ

173 913 474 968 σωφροσύνης;
507 925 620 966 quae
652 911 783 953 huius
814 911 934 953 vocis
965 911 1087 953 notio
1121 914 1241 953 certo
1274 910 1528 965 vulgaribus
1562 910 1844 965 opinionibus
1877 911 1995 952 simi-

174 984 229 1026 lis
262 987 371 1027 erat.
405 983 891 1037 Peripateticorum
922 982 1058 1036 igitur
1088 984 1407 1038 σωφροσύνη
1440 983 1529 1024 iam
1564 981 1782 1037 „virtus“
1812 982 1910 1037 ipsa
1934 981 1996 1034 fit,

175 1069 290 1109 quae
321 1054 625 1097 mediocritate
656 1054 703 1096 in
735 1053 968 1096 affectibus
1001 1053 1334 1107 cupiditatibus,
1368 1053 1539 1108 agendo
1565 1053 1748 1095 vivendo
1781 1052 1996 1096 servanda

175 1126 426 1168 continetur
438 1127 482 1180 1).
536 1125 740 1167 Eandem
788 1124 880 1167 fere
925 1124 1251 1167 Ps.-Plutarchi
1295 1125 1500 1167 virtutem
1550 1138 1644 1166 esse
1687 1125 1776 1167 iam
1819 1117 1997 1179 saepius

176 1197 583 1249 animadvertimus3
617 1200 871 1251 repetamus
902 1210 1019 1238 nunc
1049 1195 1193 1248 verba,
1226 1195 1386 1250 quibus
1419 1210 1516 1238 eam
1543 1196 1756 1238 illustrat:
1791 1195 1874 1238 5A
1904 1198 1997 1252 βίος

174 1271 431 1327 τεταγμένος,
465 1270 490 1310 8
512 1267 546 1310 Ο
581 1270 757 1322 εὐταξία,
791 1269 1064 1323 σωφροσύνη,
1101 1267 1212 1309 11D
1246 1270 1449 1322 εὐκοσμία
1475 1269 1545 1310 καὶ
1576 1269 1850 1323 σωφροσύνη,
1884 1266 1998 1309 12Α

175 1342 338 1388 εὐταξία
382 1341 452 1382 καὶ
483 1340 719 1395 κοσμιότης.
755 1338 1039 1393 Perspicuum
1071 1342 1138 1380 est
1169 1351 1267 1380 eum
1310 1338 1379 1379 his
1418 1337 1560 1379 verbis
1605 1351 1757 1380 omnes
1801 1338 1997 1391 virtutes,

177 1425 286 1465 quas
307 1410 422 1453 effici
445 1410 547 1462 vult,
568 1409 793 1464 amplecti;
812 1410 908 1464 ipse
927 1409 1062 1463 igitur
1083 1423 1393 1464 quamquam
1419 1411 1531 1464 περὶ
1561 1411 1770 1452 παίδων
1795 1411 1996 1465 ἀγωγῆς

176 1496 328 1537 agere
361 1482 463 1524 sibi
495 1481 784 1536 proposuit,
829 1494 1011 1523 revera
1047 1482 1159 1536 περὶ
1196 1482 1537 1536 σωφροσύνης
1574 1480 1805 1534 scripsit.
1848 1480 1996 1522 Locus

174 1568 264 1595 non
296 1557 374 1602 est,
405 1555 455 1594 ut
480 1553 628 1595 omnia
659 1553 817 1594 iterum
844 1565 1057 1604 enarrem,
1090 1565 1203 1605 quae
1236 1565 1370 1605 supra
1402 1550 1468 1608 (in
1495 1550 1636 1593 altera
1661 1551 1806 1606 parte)
1831 1552 1996 1605 passim

174 1624 570 1679 Peripateticorum
603 1622 882 1678 opinionibus
915 1622 1163 1665 consimilia
1194 1636 1289 1664 esse
1323 1623 1546 1677 apparuit;
1581 1622 1688 1664 satis
1721 1622 1780 1664 sit
1812 1637 1995 1664 comme-

175 1710 346 1738 morare
380 1709 456 1737 eas
482 1709 552 1736 res
579 1694 724 1736 minus
757 1695 887 1736 certis
909 1693 1173 1748 quibusdam
1199 1693 1308 1736 locis
1342 1693 1571 1746 contineri,
1603 1707 1734 1747 quam
1764 1693 1894 1736 modo
1927 1693 1997 1736 hic

174 1767 305 1810 modo
336 1766 427 1811 illic
459 1765 659 1821 proferri,
703 1765 1051 1820 Peripateticum
1084 1764 1274 1807 colorem
1306 1764 1437 1807 modo
1470 1778 1576 1818 prae
1609 1779 1655 1806 se
1699 1764 1824 1816 ferre,
1867 1764 1996 1807 modo

175 1839 360 1881 obscure
388 1837 648 1893 significare.
680 1837 749 1880 Ne
774 1836 926 1889 multa,
955 1837 1072 1878 idem
1097 1835 1188 1878 fere
1213 1836 1259 1878 in
1285 1836 1595 1890 Peripateticis
1623 1836 1793 1878 evenire
1813 1835 1997 1888 videtur,

177 1911 293 1964 quod
326 1911 372 1952 in
418 1909 597 1952 Stoicis:
642 1909 807 1961 insunt,
854 1909 1115 1960 sentiuntur,
1161 1921 1492 1961 nonnumquam
1524 1906 1832 1962 deprehendas
1880 1907 1997 1961 licet,

175 1983 253 2024 sed
284 1981 550 2035 ubicumque
585 1980 1142 2034 accuratius'indagamus,
1174 1980 1221 2021 in
1254 1978 1390 2021 dubia
1422 1982 1500 2021 aut
1525 1978 1725 2033 vulgaria
1750 1978 1996 2022 incidimus.

176 2054 357 2104 Tamen,
391 2057 442 2094 ut
474 2066 587 2106 quae
620 2052 797 2106 saepius
825 2051 915 2093 dixi
941 2052 1110 2103 iterem,
1143 2054 1238 2093 tota
1265 2050 1538 2093 educationis
1563 2050 1756 2101 not-ione,
1787 2063 1996 2104 praecep·

176 2129 318 2167 torum
357 2129 531 2176 natura,
576 2123 715 2165 libelli
747 2138 905 2178 genere
938 2114 1358 2176 Peripateticum
1388 2122 1588 2164 fontem
1632 2125 1682 2163 ut
1713 2121 1996 2173 coniciamus,

177 2196 449 2238 adducimur.
495 2195 643 2251 Quare
677 2194 870 2236 alienum
901 2208 990 2236 non
1023 2194 1119 2245 erit,
1159 2207 1272 2248 quae
1316 2193 1487 2248 profert
1517 2192 1896 2241 Ps.·Plutarchus,
1934 2192 1997 2234 di-

179 2281 328 2321 gerere
356 2271 400 2308 et
419 2266 559 2308 fontis
578 2265 700 2308 illius
725 2265 848 2317 fines,
883 2264 1002 2319 quod
1033 2264 1209 2319 quidem
1229 2263 1323 2306 fieri
1349 2267 1507 2318 potest,
1543 2263 1898 2306 circumscribere
1930 2277 1996 2306 co·

176 2339 287 2381 nari.
349 2338 482 2380 Nunc
514 2338 628 2379 enim
660 2337 708 2379 id
741 2336 921 2378 tandem
952 2335 1265 2390 inquirendum
1299 2340 1374 2386 est,
1421 2349 1533 2389 quae
1566 2335 1679 2376 ratio
1713 2335 1828 2376 inter
1852 2348 1997 2376 rerum

177 2410 376 2453 ordinem
407 2408 633 2462 libellique
668 2408 1000 2463 dispositionem
1026 2407 1242 2458 vitiosam,
1293 2420 1424 2460 quam
1450 2406 1592 2460 prima
1625 2405 1824 2459 opusculi
1868 2409 1995 2459 parte

178 2482 479 2524 demonstrare
517 2484 701 2522 conatus
752 2493 859 2532 sum,
910 2483 953 2521 et
998 2493 1064 2530 ea,
1112 2492 1224 2532 quae
1275 2478 1322 2519 in
1358 2477 1490 2519 rebus
1541 2476 1852 2530 comparandis
1897 2490 1996 2518 exa-

178 2552 486 2606 minandisque
549 2551 676 2594 nobis
734 2554 983 2604 evenerunt,
1056 2549 1312 2592 intercedat.
1391 2547 1508 2590 Nam
1564 2549 1601 2589 si
1662 2551 1779 2589 recte
1847 2561 1998 2589 rerum

320 2718 349 2763 1)
375 2717 598 2753 Conferatur
625 2717 759 2751 similis
784 2718 889 2751 notio
929 2716 1027 2762 apud
1051 2715 1319 2758 Iamblichum‚
1357 2713 1413 2747 De
1451 2725 1485 2747 v.
1517 2712 1627 2756 Pyth.
1665 2713 1710 2747 41
1749 2713 1871 2758 ἔλεγε
1906 2714 1998 2759 περὶ

177 2779 445 2825 σωφροσύνης
463 2804 471 2812 .
493 2804 500 2812 .
523 2805 530 2812 .
553 2805 561 2813 .
582 2779 641 2813 ὅτι
664 2777 790 2822 μόνης
815 2782 895 2812 τῶν
922 2778 1078 2822 ἀρετῶν
1102 2776 1247 2820 ταύτης
1271 2775 1334 2809 καὶ
1359 2771 1468 2808 παιδὶ
1487 2773 1551 2807 καί
1570 2772 1760 2818 παρθένῳ
1780 2774 1843 2807 καὶ
1867 2782 1998 2816 ymetu-

178 2839 214 2873 κί
241 2839 301 2873 καί
328 2843 373 2883 τῇ
391 2843 472 2872 τῶν
491 2837 775 2883 πρεσβυτέρων
800 2836 907 2881 τάξει
928 2835 1212 2870 ἀντιποιεῖσθαι
1236 2826 1428 2879 προσήκει
1453 2832 1515 2867 καὶ
1537 2833 1705 2875 μάλιστα
1739 2837 1822 2876 τοῖς
1855 2831 1998 2866 νεωτέ-

178 2908 274 2941 ροις.
301 2898 357 2932 ἔτι
383 2895 430 2932 δὲ
451 2896 578 2942 μόνην
599 2895 720 2940 αὐτὴν
746 2896 946 2940 ἀπέφαινε
972 2894 1274 2940 περιειληφέναι
1298 2894 1363 2927 καὶ
1388 2891 1435 2926 τὰ
1460 2896 1528 2926 τοῦ
1553 2891 1734 2935 σώματος
1770 2890 1900 2935 ἀγαθὰ
1934 2891 1998 2926 καὶ

179 2957 225 2990 τὰ
250 2962 321 3001 τῆς
345 2961 487 3001 ψυχῆς,
512 2955 773 3001 ὁιατηροῦσαν
804 2955 875 2999 τὴν
912 2955 1063 2999 ὑγιείαν
1101 2955 1164 2988 καί
1201 2952 1272 2997 τὴν
1308 2956 1390 2986 τῶν
1425 2950 1643 2996 βελτίστων
1679 2947 1998 2995 ἐπιτηδευμάτων

179 3015 395 3059 ἐπιθυμίαν.
424 3014 470 3049 ef.
498 3015 588 3049 ibid.
614 3015 660 3049 40
692 3015 890 3058 εὐκοσμία,
915 3014 1064 3057 εὔνοια,
1101 3012 1393 3058 φιλανθρωπία.
1427 3009 1503 3044 Hic
1541 3019 1688 3053 quoque
1725 3008 1888 3052 reliquas
1925 3008 1998 3042 vir-

179 3075 277 3107 tutes
303 3085 418 3117 paene
446 3074 710 3117 complectitur
735 3075 771 3107 et
797 3072 982 3116 imprimis
1007 3072 1046 3106 in
1071 3071 1194 3116 pueris
1221 3070 1338 3105 virtus
1377 3069 1458 3114 ipsa
1495 3070 1533 3102 et
1564 3070 1687 3102 rectus
1726 3067 1839 3101 animi
1879 3068 1998 3102 status

177 3135 216 3166 et
243 3133 465 3166 conveniens
492 3132 641 3166 vivendi
668 3143 785 3176 genus
812 3134 878 3166 est.
