<?xml version="1.0" encoding="UTF-8"?>
<!DOCTYPE html PUBLIC "-//W3C//DTD XHTML 1.0 Transitional//EN"
    "http://www.w3.org/TR/xhtml1/DTD/xhtml1-transitional.dtd">
<html xmlns="http://www.w3.org/1999/xhtml" xml:lang="en" lang="en">
 <head>
  <title>
</title>
<meta http-equiv="Content-Type" content="text/html;charset=utf-8" />
  <meta name='ocr-system' content='tesseract 3.04.00' />
  <meta name='ocr-capabilities' content='ocr_page ocr_carea ocr_par ocr_line ocrx_word'/>
</head>
<body>
  <div class='ocr_page' id='page_1' title='image "./depseudoplutarch00glaeuoft_0107.png"; bbox 0 0 2138 3438; ppageno 0'>
   <div class='ocr_carea' id='block_1_1' title="bbox 851 731 1281 822">
    <p class='ocr_par' dir='ltr' id='par_1_1' title="bbox 851 731 1281 822">
     <span class='ocr_line' id='line_1_1' title="bbox 851 731 1281 822; baseline 0.005 -18"><span class='ocrx_word' id='word_1_1' title='bbox 851 731 1281 822; x_wconf 74' lang='lat' dir='ltr'>Conspectus,</span> 
     </span>
    </p>
   </div>
   <div class='ocr_carea' id='block_1_2' title="bbox 975 891 1148 897">
    <p class='ocr_par' dir='ltr' id='par_1_2' title="bbox 975 891 1148 897">
     <span class='ocr_line' id='line_1_2' title="bbox 975 891 1148 897; baseline 0 0"><span class='ocrx_word' id='word_1_2' title='bbox 975 891 1148 897; x_wconf 95' lang='lat' dir='ltr'><strong> </strong></span> 
     </span>
    </p>
   </div>
   <div class='ocr_carea' id='block_1_3' title="bbox 158 935 1972 1960">
    <p class='ocr_par' dir='ltr' id='par_1_3' title="bbox 158 935 1972 1960">
     <span class='ocr_line' id='line_1_3' title="bbox 1897 935 1970 962; baseline 0 0"><span class='ocrx_word' id='word_1_3' title='bbox 1897 935 1970 962; x_wconf 61' lang='lat' dir='ltr'><strong>Pag-</strong></span> 
     </span>
     <span class='ocr_line' id='line_1_4' title="bbox 176 969 1971 1016; baseline 0.004 -11"><span class='ocrx_word' id='word_1_4' title='bbox 176 969 267 1005; x_wconf 76' lang='lat' dir='ltr'><strong>Pars</strong></span> <span class='ocrx_word' id='word_1_5' title='bbox 310 969 343 1005; x_wconf 90' lang='grc' dir='ltr'><strong>Ι.</strong></span> <span class='ocrx_word' id='word_1_6' title='bbox 369 970 424 1004; x_wconf 84' lang='lat' dir='ltr'><strong>De</strong></span> <span class='ocrx_word' id='word_1_7' title='bbox 449 970 719 1015; x_wconf 82' lang='lat' dir='ltr'><strong>compositione</strong></span> <span class='ocrx_word' id='word_1_8' title='bbox 745 981 790 1005; x_wconf 85' lang='lat' dir='ltr'><strong>ac</strong></span> <span class='ocrx_word' id='word_1_9' title='bbox 813 981 950 1016; x_wconf 85' lang='lat' dir='ltr'>genere</span> <span class='ocrx_word' id='word_1_10' title='bbox 975 971 1093 1007; x_wconf 87' lang='lat' dir='ltr'>libelli</span> <span class='ocrx_word' id='word_1_11' title='bbox 1114 1000 1879 1012; x_wconf 87' lang='grc'><em>.................</em></span> <span class='ocrx_word' id='word_1_12' title='bbox 1947 976 1971 1011; x_wconf 85' lang='grc'>4</span> 
     </span>
     <span class='ocr_line' id='line_1_5' title="bbox 176 1028 1970 1076; baseline 0.003 -12"><span class='ocrx_word' id='word_1_13' title='bbox 176 1029 267 1065; x_wconf 74' lang='lat' dir='ltr'><strong>Pars</strong></span> <span class='ocrx_word' id='word_1_14' title='bbox 290 1028 345 1065; x_wconf 80' lang='lat' dir='ltr'><strong>IL</strong></span> <span class='ocrx_word' id='word_1_15' title='bbox 371 1028 510 1064; x_wconf 86' lang='lat' dir='ltr'>Rerum</span> <span class='ocrx_word' id='word_1_16' title='bbox 533 1031 767 1076; x_wconf 13' lang='lat' dir='ltr'><strong>*comparatio</strong></span> <span class='ocrx_word' id='word_1_17' title='bbox 826 1058 1879 1071; x_wconf 84' lang='grc'><em>.......................</em></span> <span class='ocrx_word' id='word_1_18' title='bbox 1925 1035 1970 1070; x_wconf 88' lang='grc'><strong>15</strong></span> 
     </span>
     <span class='ocr_line' id='line_1_6' title="bbox 389 1088 1970 1134; baseline 0.004 -11"><span class='ocrx_word' id='word_1_19' title='bbox 389 1088 511 1134; x_wconf 82' lang='lat' dir='ltr'><strong>Caput</strong></span> <span class='ocrx_word' id='word_1_20' title='bbox 574 1090 605 1125; x_wconf 90' lang='lat'><strong>1.</strong></span> <span class='ocrx_word' id='word_1_21' title='bbox 631 1090 687 1125; x_wconf 90' lang='lat' dir='ltr'><strong>De</strong></span> <span class='ocrx_word' id='word_1_22' title='bbox 712 1089 784 1125; x_wconf 86' lang='lat' dir='ltr'><strong>fine</strong></span> <span class='ocrx_word' id='word_1_23' title='bbox 810 1090 1044 1126; x_wconf 78' lang='lat' dir='ltr'><strong>educationis</strong></span> <span class='ocrx_word' id='word_1_24' title='bbox 1066 1119 1879 1131; x_wconf 90' lang='grc'><strong>..................</strong></span> <span class='ocrx_word' id='word_1_25' title='bbox 1927 1095 1970 1130; x_wconf 85' lang='grc'><strong>15</strong></span> 
     </span>
     <span class='ocr_line' id='line_1_7' title="bbox 571 1148 1968 1190; baseline 0.004 -7"><span class='ocrx_word' id='word_1_26' title='bbox 571 1149 604 1183; x_wconf 86' lang='grc'><strong>2.</strong></span> <span class='ocrx_word' id='word_1_27' title='bbox 631 1148 687 1184; x_wconf 89' lang='lat' dir='ltr'><strong>De</strong></span> <span class='ocrx_word' id='word_1_28' title='bbox 712 1160 828 1184; x_wconf 73' lang='lat' dir='ltr'><strong>uxote</strong></span> <span class='ocrx_word' id='word_1_29' title='bbox 853 1152 892 1184; x_wconf 87' lang='lat' dir='ltr'><strong>et</strong></span> <span class='ocrx_word' id='word_1_30' title='bbox 918 1150 1120 1185; x_wconf 84' lang='lat' dir='ltr'><strong>concubitu</strong></span> <span class='ocrx_word' id='word_1_31' title='bbox 1160 1178 1879 1190; x_wconf 87' lang='grc'><strong>................</strong></span> <span class='ocrx_word' id='word_1_32' title='bbox 1927 1154 1968 1188; x_wconf 82' lang='grc'><strong>17</strong></span> 
     </span>
     <span class='ocr_line' id='line_1_8' title="bbox 572 1208 1970 1254; baseline 0.002 -11"><span class='ocrx_word' id='word_1_33' title='bbox 572 1208 605 1244; x_wconf 87' lang='grc'><strong>3.</strong></span> <span class='ocrx_word' id='word_1_34' title='bbox 632 1208 687 1243; x_wconf 90' lang='lat' dir='ltr'><strong>De</strong></span> <span class='ocrx_word' id='word_1_35' title='bbox 712 1212 857 1253; x_wconf 80' lang='lat' dir='ltr'><strong>natura,</strong></span> <span class='ocrx_word' id='word_1_36' title='bbox 884 1209 1132 1254; x_wconf 84' lang='lat' dir='ltr'><strong>institutione,</strong></span> <span class='ocrx_word' id='word_1_37' title='bbox 1156 1211 1424 1246; x_wconf 77' lang='lat' dir='ltr'><strong>exercitatione</strong></span> <span class='ocrx_word' id='word_1_38' title='bbox 1446 1239 1880 1250; x_wconf 89' lang='grc'><strong>..........</strong></span> <span class='ocrx_word' id='word_1_39' title='bbox 1924 1212 1970 1246; x_wconf 85' lang='grc'><strong>22</strong></span> 
     </span>
     <span class='ocr_line' id='line_1_9' title="bbox 437 1268 1968 1316; baseline 0.005 -15"><span class='ocrx_word' id='word_1_40' title='bbox 437 1293 455 1311; x_wconf 82' lang='grc'><strong>,,</strong></span> <span class='ocrx_word' id='word_1_41' title='bbox 570 1269 605 1304; x_wconf 83' lang='grc'><strong>4.</strong></span> <span class='ocrx_word' id='word_1_42' title='bbox 633 1268 687 1302; x_wconf 89' lang='lat' dir='ltr'><strong>De</strong></span> <span class='ocrx_word' id='word_1_43' title='bbox 712 1268 911 1311; x_wconf 86' lang='lat' dir='ltr'><strong>nutricum,</strong></span> <span class='ocrx_word' id='word_1_44' title='bbox 937 1269 1181 1314; x_wconf 80' lang='lat' dir='ltr'><strong>servulorum,</strong></span> <span class='ocrx_word' id='word_1_45' title='bbox 1208 1270 1514 1316; x_wconf 84' lang='lat' dir='ltr'><strong>paedagogorum</strong></span> <span class='ocrx_word' id='word_1_46' title='bbox 1541 1271 1708 1306; x_wconf 92' lang='lat' dir='ltr'><strong>moribus</strong></span> <span class='ocrx_word' id='word_1_47' title='bbox 1734 1299 1741 1307; x_wconf 93' lang='lat'><strong>.</strong></span> <span class='ocrx_word' id='word_1_48' title='bbox 1782 1301 1790 1309; x_wconf 94' lang='lat'><strong>.</strong></span> <span class='ocrx_word' id='word_1_49' title='bbox 1829 1300 1836 1308; x_wconf 89' lang='lat'><strong>.</strong></span> <span class='ocrx_word' id='word_1_50' title='bbox 1877 1302 1884 1309; x_wconf 93' lang='lat'><em>.</em></span> <span class='ocrx_word' id='word_1_51' title='bbox 1922 1272 1968 1308; x_wconf 84' lang='lat'><strong>27</strong></span> 
     </span>
     <span class='ocr_line' id='line_1_10' title="bbox 436 1327 1968 1374; baseline 0.005 -13"><span class='ocrx_word' id='word_1_52' title='bbox 436 1353 454 1372; x_wconf 86' lang='lat'>„</span> <span class='ocrx_word' id='word_1_53' title='bbox 572 1328 606 1362; x_wconf 89' lang='lat'><strong>5.</strong></span> <span class='ocrx_word' id='word_1_54' title='bbox 631 1327 687 1362; x_wconf 90' lang='lat' dir='ltr'><strong>De</strong></span> <span class='ocrx_word' id='word_1_55' title='bbox 712 1327 932 1374; x_wconf 82' lang='lat' dir='ltr'><strong>paedagogo</strong></span> <span class='ocrx_word' id='word_1_56' title='bbox 959 1331 997 1363; x_wconf 86' lang='lat' dir='ltr'><strong>et</strong></span> <span class='ocrx_word' id='word_1_57' title='bbox 1021 1327 1067 1363; x_wconf 89' lang='lat' dir='ltr'><strong>de</strong></span> <span class='ocrx_word' id='word_1_58' title='bbox 1091 1329 1275 1373; x_wconf 83' lang='lat' dir='ltr'><strong>magistro</strong></span> <span class='ocrx_word' id='word_1_59' title='bbox 1301 1357 1880 1367; x_wconf 90' lang='grc'><strong>.............</strong></span> <span class='ocrx_word' id='word_1_60' title='bbox 1925 1332 1968 1367; x_wconf 86' lang='grc'><strong>37</strong></span> 
     </span>
     <span class='ocr_line' id='line_1_11' title="bbox 436 1386 1970 1433; baseline 0.003 -12"><span class='ocrx_word' id='word_1_61' title='bbox 436 1413 454 1432; x_wconf 90' lang='lat'>„</span> <span class='ocrx_word' id='word_1_62' title='bbox 571 1387 606 1422; x_wconf 87' lang='lat'><strong>6.</strong></span> <span class='ocrx_word' id='word_1_63' title='bbox 631 1386 822 1422; x_wconf 80' lang='lat' dir='ltr'><strong>Bonorum</strong></span> <span class='ocrx_word' id='word_1_64' title='bbox 848 1388 1080 1433; x_wconf 84' lang='lat' dir='ltr'><strong>comparatio</strong></span> <span class='ocrx_word' id='word_1_65' title='bbox 1105 1390 1144 1423; x_wconf 81' lang='lat' dir='ltr'><strong>et</strong></span> <span class='ocrx_word' id='word_1_66' title='bbox 1169 1388 1388 1423; x_wconf 85' lang='lat' dir='ltr'><strong>eruditionis</strong></span> <span class='ocrx_word' id='word_1_67' title='bbox 1414 1389 1495 1424; x_wconf 82' lang='lat' dir='ltr'><strong>laus</strong></span> <span class='ocrx_word' id='word_1_68' title='bbox 1540 1417 1880 1426; x_wconf 90' lang='grc'><strong>........</strong></span> <span class='ocrx_word' id='word_1_69' title='bbox 1924 1391 1970 1425; x_wconf 88' lang='lat'><strong>40</strong></span> 
     </span>
     <span class='ocr_line' id='line_1_12' title="bbox 571 1446 1972 1485; baseline 0.004 -5"><span class='ocrx_word' id='word_1_70' title='bbox 571 1447 604 1481; x_wconf 87' lang='lat'><strong>7.</strong></span> <span class='ocrx_word' id='word_1_71' title='bbox 630 1446 686 1481; x_wconf 90' lang='lat' dir='ltr'><strong>De</strong></span> <span class='ocrx_word' id='word_1_72' title='bbox 712 1446 949 1482; x_wconf 85' lang='lat' dir='ltr'><strong>institutione</strong></span> <span class='ocrx_word' id='word_1_73' title='bbox 975 1447 1139 1482; x_wconf 56' lang='lat' dir='ltr'><strong>oratoria</strong></span> <span class='ocrx_word' id='word_1_74' title='bbox 1160 1476 1880 1485; x_wconf 87' lang='grc'><strong>................</strong></span> <span class='ocrx_word' id='word_1_75' title='bbox 1924 1451 1972 1485; x_wconf 86' lang='grc'><strong>44</strong></span> 
     </span>
     <span class='ocr_line' id='line_1_13' title="bbox 573 1505 1971 1553; baseline 0.001 -12"><span class='ocrx_word' id='word_1_76' title='bbox 573 1505 606 1540; x_wconf 91' lang='grc'><strong>8.</strong></span> <span class='ocrx_word' id='word_1_77' title='bbox 635 1506 690 1541; x_wconf 85' lang='grc' dir='ltr'><strong>Τὰ</strong></span> <span class='ocrx_word' id='word_1_78' title='bbox 714 1507 902 1552; x_wconf 78' lang='grc' dir='ltr'><strong><em>ἐγκύκλια</em></strong></span> <span class='ocrx_word' id='word_1_79' title='bbox 925 1506 1170 1553; x_wconf 79' lang='grc' dir='ltr'><em>παιδεύματα</em></span> <span class='ocrx_word' id='word_1_80' title='bbox 1195 1510 1233 1542; x_wconf 84' lang='lat' dir='ltr'><strong>et</strong></span> <span class='ocrx_word' id='word_1_81' title='bbox 1257 1507 1497 1553; x_wconf 84' lang='lat' dir='ltr'><strong>philosophia</strong></span> <span class='ocrx_word' id='word_1_82' title='bbox 1541 1536 1880 1545; x_wconf 87' lang='grc'><strong>........</strong></span> <span class='ocrx_word' id='word_1_83' title='bbox 1924 1510 1971 1544; x_wconf 83' lang='grc'><strong>49</strong></span> 
     </span>
     <span class='ocr_line' id='line_1_14' title="bbox 573 1565 1970 1604; baseline 0.002 -5"><span class='ocrx_word' id='word_1_84' title='bbox 573 1565 606 1600; x_wconf 88' lang='grc'><strong>9.</strong></span> <span class='ocrx_word' id='word_1_85' title='bbox 634 1565 720 1600; x_wconf 85' lang='grc' dir='ltr'><strong>Βίοι</strong></span> <span class='ocrx_word' id='word_1_86' title='bbox 781 1592 1880 1604; x_wconf 86' lang='grc'><strong>........................</strong></span> <span class='ocrx_word' id='word_1_87' title='bbox 1925 1568 1970 1603; x_wconf 85' lang='grc'><strong>54</strong></span> 
     </span>
     <span class='ocr_line' id='line_1_15' title="bbox 436 1623 1881 1671; baseline 0.001 -11"><span class='ocrx_word' id='word_1_88' title='bbox 436 1649 454 1668; x_wconf 89' lang='lat'>„</span> <span class='ocrx_word' id='word_1_89' title='bbox 548 1624 605 1660; x_wconf 88' lang='grc'><strong>10.</strong></span> <span class='ocrx_word' id='word_1_90' title='bbox 629 1623 748 1659; x_wconf 80' lang='lat' dir='ltr'><strong>Varia</strong></span> <span class='ocrx_word' id='word_1_91' title='bbox 772 1624 833 1669; x_wconf 89' lang='lat' dir='ltr'><strong>(de</strong></span> <span class='ocrx_word' id='word_1_92' title='bbox 851 1636 1050 1669; x_wconf 82' lang='lat' dir='ltr'><strong>puerorum</strong></span> <span class='ocrx_word' id='word_1_93' title='bbox 1070 1637 1206 1670; x_wconf 85' lang='lat' dir='ltr'><strong>amore,</strong></span> <span class='ocrx_word' id='word_1_94' title='bbox 1233 1626 1280 1661; x_wconf 88' lang='lat' dir='ltr'><strong>de</strong></span> <span class='ocrx_word' id='word_1_95' title='bbox 1305 1637 1505 1670; x_wconf 86' lang='lat' dir='ltr'><strong>corporum</strong></span> <span class='ocrx_word' id='word_1_96' title='bbox 1530 1628 1808 1671; x_wconf 82' lang='lat' dir='ltr'><strong>exercitatione,</strong></span> <span class='ocrx_word' id='word_1_97' title='bbox 1835 1627 1881 1662; x_wconf 87' lang='lat' dir='ltr'><strong>de</strong></span> 
     </span>
     <span class='ocr_line' id='line_1_16' title="bbox 705 1684 1970 1730; baseline 0.004 -12"><span class='ocrx_word' id='word_1_98' title='bbox 705 1684 921 1719; x_wconf 83' lang='lat' dir='ltr'><strong>remissione</strong></span> <span class='ocrx_word' id='word_1_99' title='bbox 940 1684 1124 1730; x_wconf 83' lang='lat' dir='ltr'><strong>laborum,</strong></span> <span class='ocrx_word' id='word_1_100' title='bbox 1151 1686 1261 1730; x_wconf 85' lang='lat' dir='ltr'><strong>ludis,</strong></span> <span class='ocrx_word' id='word_1_101' title='bbox 1287 1686 1568 1730; x_wconf 85' lang='lat' dir='ltr'><strong>certaminibus)</strong></span> <span class='ocrx_word' id='word_1_102' title='bbox 1591 1715 1880 1723; x_wconf 92' lang='grc'><strong>.......</strong></span> <span class='ocrx_word' id='word_1_103' title='bbox 1925 1687 1970 1722; x_wconf 87' lang='grc'><strong>57</strong></span> 
     </span>
     <span class='ocr_line' id='line_1_17' title="bbox 552 1742 1967 1783; baseline 0.001 -5"><span class='ocrx_word' id='word_1_104' title='bbox 552 1744 606 1778; x_wconf 93' lang='grc'><strong>11.</strong></span> <span class='ocrx_word' id='word_1_105' title='bbox 631 1742 808 1779; x_wconf 79' lang='lat' dir='ltr'><strong>Subsidia</strong></span> <span class='ocrx_word' id='word_1_106' title='bbox 831 1743 1016 1779; x_wconf 87' lang='lat' dir='ltr'><strong>educandi</strong></span> <span class='ocrx_word' id='word_1_107' title='bbox 1041 1747 1079 1779; x_wconf 88' lang='lat' dir='ltr'><strong>et</strong></span> <span class='ocrx_word' id='word_1_108' title='bbox 1103 1746 1260 1780; x_wconf 82' lang='lat' dir='ltr'><strong>virtutes</strong></span> <span class='ocrx_word' id='word_1_109' title='bbox 1303 1772 1880 1783; x_wconf 91' lang='grc'><strong>.............</strong></span> <span class='ocrx_word' id='word_1_110' title='bbox 1925 1747 1967 1781; x_wconf 89' lang='grc'><strong>61</strong></span> 
     </span>
     <span class='ocr_line' id='line_1_18' title="bbox 555 1801 1970 1842; baseline 0.002 -4"><span class='ocrx_word' id='word_1_111' title='bbox 555 1802 610 1838; x_wconf 89' lang='grc'><strong>12.</strong></span> <span class='ocrx_word' id='word_1_112' title='bbox 636 1801 692 1837; x_wconf 90' lang='lat' dir='ltr'><strong>De</strong></span> <span class='ocrx_word' id='word_1_113' title='bbox 717 1801 895 1838; x_wconf 84' lang='lat' dir='ltr'><strong>discendo</strong></span> <span class='ocrx_word' id='word_1_114' title='bbox 921 1829 1879 1842; x_wconf 88' lang='grc'><strong>.....................</strong></span> <span class='ocrx_word' id='word_1_115' title='bbox 1925 1806 1970 1841; x_wconf 90' lang='grc'><strong>68</strong></span> 
     </span>
     <span class='ocr_line' id='line_1_19' title="bbox 442 1861 1968 1902; baseline 0.002 -6"><span class='ocrx_word' id='word_1_116' title='bbox 442 1886 457 1902; x_wconf 84' lang='grc'><strong>,,</strong></span> <span class='ocrx_word' id='word_1_117' title='bbox 553 1862 610 1897; x_wconf 88' lang='grc'><strong>13.</strong></span> <span class='ocrx_word' id='word_1_118' title='bbox 637 1861 691 1897; x_wconf 87' lang='lat' dir='ltr'><strong>De</strong></span> <span class='ocrx_word' id='word_1_119' title='bbox 719 1861 1019 1897; x_wconf 83' lang='lat' dir='ltr'><strong>adulescentibus</strong></span> <span class='ocrx_word' id='word_1_120' title='bbox 1066 1891 1879 1901; x_wconf 89' lang='grc'><strong>..................</strong></span> <span class='ocrx_word' id='word_1_121' title='bbox 1925 1865 1968 1899; x_wconf 85' lang='grc'><strong>71</strong></span> 
     </span>
     <span class='ocr_line' id='line_1_20' title="bbox 158 1918 1970 1960; baseline 0.003 -8"><span class='ocrx_word' id='word_1_122' title='bbox 158 1918 250 1953; x_wconf 86' lang='lat' dir='ltr'><strong>Pars</strong></span> <span class='ocrx_word' id='word_1_123' title='bbox 273 1918 348 1954; x_wconf 88' lang='lat' dir='ltr'>III.</span> <span class='ocrx_word' id='word_1_124' title='bbox 377 1919 432 1954; x_wconf 86' lang='lat' dir='ltr'><strong>De</strong></span> <span class='ocrx_word' id='word_1_125' title='bbox 457 1919 622 1955; x_wconf 86' lang='lat' dir='ltr'><strong>fontibus</strong></span> <span class='ocrx_word' id='word_1_126' title='bbox 646 1920 918 1956; x_wconf 83' lang='lat' dir='ltr'><strong>Ps.-Plutarchi</strong></span> <span class='ocrx_word' id='word_1_127' title='bbox 972 1950 1880 1960; x_wconf 89' lang='grc'><strong>....................</strong></span> <span class='ocrx_word' id='word_1_128' title='bbox 1925 1924 1970 1959; x_wconf 86' lang='grc'><strong>76</strong></span> 
     </span>
    </p>
   </div>
   <div class='ocr_carea' id='block_1_4' title="bbox 159 1977 2029 2035">
    <p class='ocr_par' dir='ltr' id='par_1_4' title="bbox 159 1977 2029 2035">
     <span class='ocr_line' id='line_1_21' title="bbox 159 1977 2029 2035; baseline 0.004 -24"><span class='ocrx_word' id='word_1_129' title='bbox 159 1977 252 2012; x_wconf 81' lang='lat' dir='ltr'><strong>Pars</strong></span> <span class='ocrx_word' id='word_1_130' title='bbox 278 1977 348 2013; x_wconf 84' lang='lat' dir='ltr'><strong>IV.</strong></span> <span class='ocrx_word' id='word_1_131' title='bbox 375 1979 431 2014; x_wconf 87' lang='lat' dir='ltr'><strong>De</strong></span> <span class='ocrx_word' id='word_1_132' title='bbox 457 1980 638 2024; x_wconf 83' lang='lat' dir='ltr'><strong>scriptore</strong></span> <span class='ocrx_word' id='word_1_133' title='bbox 663 1981 814 2025; x_wconf 84' lang='lat' dir='ltr'><strong>eiusque</strong></span> <span class='ocrx_word' id='word_1_134' title='bbox 841 1983 962 2016; x_wconf 82' lang='lat' dir='ltr'><strong>aetate</strong></span> <span class='ocrx_word' id='word_1_135' title='bbox 1018 2009 1880 2020; x_wconf 83' lang='grc'><strong>...................</strong></span> <span class='ocrx_word' id='word_1_136' title='bbox 1925 1983 1970 2019; x_wconf 88' lang='grc'><strong>98</strong></span> <span class='ocrx_word' id='word_1_137' title='bbox 2025 2030 2029 2035; x_wconf 21' lang='grc' dir='ltr'>ἰ</span> 
     </span>
    </p>
   </div>
  </div>
 </body>
</html>
