2138 3438
900 133 1194 175 -11-

132 287 251 329 quae
292 273 532 316 communis
573 273 666 315 visa
704 277 783 325 est,
823 287 896 315 res
937 273 1170 328 disponere
1207 273 1379 326 conari;
1430 273 1545 315 idem
1590 275 1696 330 quin
1739 274 1953 318 nonnulla

137 345 232 388 sine
268 343 359 387 ulla
395 344 565 387 ratione
602 344 861 398 perturbata
898 344 1103 387 exhibeat
1139 358 1192 387 ac
1223 343 1399 399 singula
1431 345 1584 387 ordine
1615 345 1814 400 neglecto
1853 360 1952 400 pro-

136 414 265 468 ferat,
301 415 482 458 dubium
518 429 609 457 non
640 420 716 457 est.
777 416 847 457 Ex
891 430 979 471 qua
1020 429 1067 458 re
1110 415 1217 458 mihi
1260 415 1439 471 quidem
1482 417 1606 470 sequi
1647 416 1820 458 videtur
1862 417 1963 458 Ps.-·

136 485 367 529 Plutarchi
406 485 645 529 libellum
684 500 787 528 000
827 486 1130 541 philosophi
1169 486 1439 529 cuiusdam
1480 488 1756 541 scriptoris
1795 488 1952 541 scrip-

133 560 243 599 tum
274 571 424 599 unum
455 561 612 612 atque
645 558 946 600 continuum
977 571 1107 613 esse3
1139 572 1244 600 nam
1268 571 1398 600 nemo
1427 557 1730 613 philosophus,
1758 559 1954 612 quamvis

135 628 260 671 rudis
290 632 336 671 et
364 628 588 671 scribendi
618 629 844 683 imperitus
871 630 940 676 sit,
966 629 1077 671 adeo
1109 629 1318 672 rationali
1348 629 1573 684 cogit-andi
1599 643 1767 671 conexu
1793 630 1953 672 omisso

134 703 374 754 praecepta
405 713 664 742 coacervare
695 703 852 753 potest.
883 700 1180 754 Relinquitur,
1205 704 1255 742 ut
1281 705 1359 742 aut
1384 700 1565 742 alterius
1591 701 1818 754 scriptoris
1845 714 1954 753 opus

138 770 445 813 abbreviatum
475 775 776 824 mutatumque
808 772 866 813 sit
896 775 973 813 aut
1004 771 1136 813 variis
1166 771 1366 825 partibus
1398 785 1421 813 e
1454 771 1750 826 compluribus
1781 771 1955 825 scriptis

137 840 206 884 vel
243 841 422 883 aliunde
463 841 636 884 collatis
669 841 963 896 compilatum.
1007 843 1155 897 Atque
1192 841 1305 884 illud
1337 842 1514 897 quidem
1551 842 1738 884 refutari
1769 843 1953 893 videtur,

135 912 245 967 quia
281 913 319 954 si
357 913 454 967 quis
487 911 665 955 alterius
699 927 808 967 opus
841 913 1027 968 amplius
1059 914 1252 967 excerpit
1282 915 1414 969 inque
1446 914 1620 956 brevius
1648 913 1954 969 compendium

136 983 373 1036 contrahit,
413 984 460 1025 in
503 984 671 1026 minore
715 984 924 1038 opusculo
967 999 1111 1026 rerum
1156 985 1491 1038 dispositionem
1535 985 1667 1027 etiam
1709 985 1955 1027 distinctius

135 1054 388 1108 clariusque
420 1055 592 1097 elucere
622 1069 801 1097 necesse
833 1060 911 1097 est.
971 1055 1090 1098 Nam
1131 1057 1228 1110 quis
1268 1061 1508 1110 excerptor,
1538 1057 1710 1098 etiamsi
1740 1055 1956 1098 nonnulla

137 1126 452 1180 praetermittit
484 1130 561 1168 aut
592 1126 718 1168 addit
749 1140 914 1180 suoque
947 1126 1131 1168 consilio
1163 1127 1361 1181 adaptat,
1394 1131 1559 1169 rectum
1590 1127 1724 1169 fontis
1757 1127 1954 1169 ordinem

136 1197 364 1251 perturbet
400 1198 685 1251 ineptumque
725 1196 910 1239 reddat?
943 1195 992 1240 Si
1025 1211 1326 1252 quaecumque
1358 1198 1404 1240 in
1436 1198 1520 1240 hoc
1549 1198 1699 1240 libello
1731 1212 1818 1240 000
1851 1212 1955 1252 qua-

139 1267 284 1320 drant,
323 1268 576 1319 omittimus,
617 1271 709 1310 tam
747 1267 886 1310 multa
926 1282 978 1310 30
1018 1283 1180 1323 magna
1220 1273 1334 1322 sunt,
1373 1273 1423 1310 ut
1464 1283 1576 1323 quae
1610 1273 1792 1317 restant,
1827 1283 1955 1323 opus-

137 1338 285 1381 culum
324 1339 412 1381 sint
451 1352 637 1393 egenum
678 1343 811 1393 atque
849 1339 1166 1393 imperfectum,
1207 1341 1276 1382 sin
1319 1345 1552 1393 mutamus,
1594 1353 1731 1382 novus
1776 1340 1954 1394 quidam

138 1409 249 1452 liber
278 1409 329 1452 fit
360 1412 485 1464 isque
510 1410 697 1452 fortasse
724 1411 833 1453 satis
859 1411 1118 1453 concinnus:
1159 1411 1237 1453 sed
1263 1425 1471 1465 quaerere
1496 1411 1613 1463 licet,
1646 1412 1762 1453 unde
1789 1412 1957 1453 venerit

134 1481 242 1523 talis
282 1481 422 1523 libelli
459 1481 590 1523 huius
630 1486 784 1533 status,
824 1482 1082 1536 praesertim
1122 1496 1219 1524 cum
1260 1482 1514 1536 plerumque
1555 1482 1755 1525 codicum
1786 1483 1956 1524 mendis

137 1541 352 1606 explicari
383 1566 473 1595 non
498 1553 648 1606 possit.
681 1552 880 1607 Quarum
912 1552 1220 1596 difficultatum
1252 1568 1387 1595 unum
1419 1558 1557 1596 restat
1587 1554 1830 1595 remedium
1856 1555 1956 1596 hocz

139 1622 531 1666 Ps.-Plutarchi
580 1623 816 1666 libellum
861 1612 889 1666 e'
927 1625 1089 1666 variis
1138 1624 1380 1666 fontibus
1430 1625 1763 1678 compilatum
1807 1629 1850 1666 et
1894 1625 1955 1666 ab

138 1694 347 1736 homine
380 1695 647 1736 scribendi
679 1695 834 1748 plane
866 1696 1122 1749 imperito,
1154 1700 1270 1737 certe
1302 1709 1448 1737 rerum
1475 1699 1592 1737 recte
1621 1695 1956 1749 digerendarum

139 1765 254 1817 rudi,
287 1766 639 1820 conscriptum
671 1780 794 1808 esse.
828 1765 953 1820 Quae
987 1766 1206 1808 sententia
1235 1766 1424 1808 fortasse
1457 1765 1730 1820 probabilior
1759 1765 1810 1807 fit
1841 1780 1955 1808 com-

138 1839 311 1891 paratis
350 1836 418 1889 iis,
459 1851 571 1890 quae
610 1842 870 1891 sequuntur:
905 1839 925 1878 1
949 1837 992 1879 D
1025 1841 1164 1891 εῖπεῖν,
1195 1839 1300 1892 ὅπερ
1332 1839 1433 1880 οὐδὲ
1463 1843 1547 1884 τοῖς
1576 1839 1660 1890 πρὸ
1691 1839 1817 1891 ἡμῶν
1847 1854 1955 1891 παρ-

137 1913 317 1963 εωρᾶτο,
365 1910 391 1950 2
417 1906 462 1949 Α
500 1910 524 1949 ὃ
544 1940 553 1949 .
573 1939 583 1949 .
609 1910 737 1963 λέγειν
768 1909 993 1962 εἰώθαμεν,
1038 1909 1064 1949 3
1093 1907 1136 1949 A
1162 1941 1171 1950 .
1198 1941 1206 1950 .
1232 1911 1284 1951 ἄν
1320 1926 1378 1955 τις
1413 1910 1525 1964 λέγῃ,
1559 1911 1639 1951 οὐκ
1671 1911 1723 1951 ἄν
1754 1925 1787 1951 τι
1817 1909 1956 1963 πλημ-

137 1981 278 2033 μελεῖν
304 1980 474 2031 δόξειεν,
507 1980 533 2020 3
554 1979 592 2020 F
625 1980 726 2021 οὐδὲ
756 1985 876 2022 τοῦτο
900 1981 1146 2032 παραλιπεῖν
1176 1981 1294 2028 ἄξιόν
1324 1981 1416 2032 ἐστι,
1450 1980 1501 2021 11
1525 1978 1567 2020 A
1600 1979 1663 2022 ὧν
1687 1979 1783 2025 τοὺς
1808 1980 1958 2026 ἄλλους

137 2051 393 2104 παραλιπὼν
417 2050 511 2096 ἑνὸς
535 2053 560 2105 ἢ
593 2051 711 2092 δυοῖν
731 2084 738 2091 .
760 2082 769 2091 .
794 2052 1173 2106 ἐπιμνησθήσομαι.
1205 2050 1474 2092 Huiusmodi
1501 2050 1657 2101 verbis,
1687 2064 1955 2104 quamquam

142 2121 319 2163 dicendi
349 2120 562 2163 formulas
593 2121 782 2163 usitatas
813 2135 907 2163 esse
939 2135 1067 2175 posse
1098 2135 1225 2163 nemo
1251 2121 1444 2175 negabit,
1475 2122 1662 2175 scriptor
1688 2121 1735 2163 in
1761 2135 1849 2173 eos,
1881 2121 1957 2174 qui

140 2191 198 2234 de
239 2193 392 2234 eadem
431 2205 477 2233 re
509 2193 792 2246 scripserunt,
832 2193 1048 2247 respicere
1079 2192 1254 2234 videtur
1284 2196 1363 2234 aut
1393 2205 1459 2244 ea,
1494 2206 1605 2246 quae
1635 2192 1814 2243 invenit,
1847 2191 1956 2234 locis

142 2263 313 2306 idoneis
349 2264 539 2305 inserere
581 2267 778 2305 conatur.
839 2263 1074 2305 Accedunt
1111 2262 1210 2316 loci,
1251 2263 1411 2319 quibus
1451 2263 1568 2317 quod
1610 2263 1795 2305 aliorum
1837 2263 1956 2305 dicta

141 2334 335 2390 proferre
366 2338 525 2389 potest,
558 2334 721 2388 gaudet
746 2335 835 2376 sere
860 2338 910 2375 ut
937 2336 961 2377 8
982 2335 1025 2376 D
1053 2336 1271 2377 κάνταῦθα
1298 2336 1350 2390 δὴ
1377 2336 1421 2377 τὸ
1447 2335 1580 2390 ῥηθὲν
1603 2336 1688 2377 ὑπὸ
1713 2336 1957 2389 ἱπποκόμου

142 2409 284 2462 χάριεν
314 2424 353 2448 κ.
373 2423 403 2448 τ.
422 2408 470 2458 λ.,
499 2410 577 2447 aut
602 2419 647 2447 se
672 2409 864 2458 excusat,
890 2405 1009 2459 quod
1034 2405 1265 2447 subaliena
1292 2410 1395 2448 sunt
1420 2419 1532 2461 quae
1558 2405 1738 2459 exponit
1760 2409 1810 2447 ut
1838 2407 1891 2447 12
1911 2405 1954 2447 D

141 2477 198 2519 de
229 2477 507 2532 Pythagorae
539 2477 686 2518 dictis:
716 2479 825 2530 ἅπερ
856 2478 942 2530 ἐγὼ
973 2478 1180 2530 παραθεὶς
1205 2478 1474 2532 ἐξηγήσομαι·
1500 2478 1570 2518 καὶ
1596 2478 1674 2531 γὰρ
1700 2481 1823 2518 ταῦτα
1848 2477 1956 2530 πρὸς

141 2550 293 2603 ἀρετῆς
323 2555 462 2604 κτῆσιν
491 2550 763 2604 συμβάλλεται
795 2549 934 2602 ῥοπὴν
966 2550 1047 2590 οὐκ
1077 2549 1302 2603 ἐλαχίστην.

291 2618 352 2661 Α1
371 2619 486 2661 00110
506 2620 543 2661 si
563 2633 616 2661 ex
636 2618 933 2673 compluribus
958 2618 1158 2660 font-ibus
1184 2618 1347 2670 hausit,
1369 2633 1466 2660 eum
1494 2622 1696 2660 auctores
1723 2632 1865 2660 rerum
1890 2618 1955 2659 in-

145 2690 294 2732 dicare
332 2690 674 2744 exspectandum
713 2690 824 2732 erat!
872 2688 1004 2743 Quod
1027 2689 1204 2732 minime
1230 2689 1527 2731 necessarium
1553 2702 1648 2730 esse
1673 2689 1769 2740 scit,
1796 2689 1833 2730 si
1859 2689 1955 2741 quis

145 2763 340 2802 veterum
359 2761 620 2815 scriptorum
638 2760 901 2815 excerpendi
921 2759 1196 2815 aliorumque
1217 2760 1391 2814 scriptis
1411 2759 1563 2802 utendi
1585 2760 1801 2801 rationem
1820 2759 1953 2801 novit.

147 2829 269 2885 Quos
289 2831 476 2885 scriptor
488 2831 644 2874 laudat
657 2835 859 2873 auctores
880 2835 956 2872 aut
968 2834 1123 2884 poetas
1143 2835 1222 2872 aut
1238 2830 1539 2885 philosophos,
1558 2844 1632 2872 eos
1653 2830 1706 2871 de
1726 2829 1809 2871 hac
1826 2843 1956 2883 quae-

143 2902 286 2944 stione
300 2901 410 2943 nihil
423 2902 618 2944 indicare
634 2906 977 2944 consentaneum
997 2905 1075 2951 est,
1095 2901 1170 2955 qui
1191 2905 1287 2943 erat
1305 2906 1498 2943 veterum
1517 2914 1624 2942 usus
1643 2901 1956 2942 tractationum

145 2973 277 3015 dictis
314 2972 536 3015 nobilibus
576 2972 949 3024 exornandarum3
992 2986 1104 3026 quae
1145 2972 1189 3013 in
1230 2972 1314 3014 hoc
1350 2971 1500 3014 libello
1532 2976 1624 3013 tam
1655 2971 1794 3013 multa
1825 2976 1956 3025 atque

146 3043 367 3086 interdum
407 3044 724 3098 cogitationum
764 3043 908 3085 ordini
945 3047 1036 3085 tam
1076 3057 1166 3085 non
1206 3047 1312 3098 apta
1349 3047 1462 3094 sunt,
1501 3046 1550 3084 ut
1589 3043 1729 3096 magis
1769 3042 1957 3085 ornandi

144 3114 436 3169 gestandique
467 3128 602 3157 causa
632 3115 811 3166 inserta,
845 3128 976 3168 quam
1008 3114 1067 3156 ad
1097 3128 1166 3156 res
1197 3113 1451 3168 probandas
1483 3113 1683 3155 adhibita
1713 3127 1806 3155 esse
1838 3113 1956 3155 vide-
