2138 3438
232 283 463 326 Plutarchi
486 282 729 338 discipulus
750 283 951 325 habetur.
986 283 1217 339 Quaenam
1239 283 1329 326 alia
1355 298 1491 327 causa
1510 287 1589 338 est,
1608 298 1686 327 cur
1703 285 1769 328 ita
1795 298 2052 330 censeamus

231 355 316 397 nisi
349 354 468 408 quod
499 353 675 397 libellus
707 354 939 396 Plutarchi
970 354 1148 396 nomine
1176 354 1366 398 traditus
1397 359 1488 398 est?
1521 355 1690 400 Contra
1722 355 2052 412 explicari-non

231 427 373 481 possit
417 425 683 481 discipulum
715 425 784 468 vel
817 429 1078 468 sectatorem
1111 426 1221 468 adeo
1254 425 1365 468 nihil
1403 440 1629 470 commune
1661 427 1829 471 habere.
1858 442 1956 470 cum
1986 441 2052 483 eo,

233 512 259 540 a
291 512 376 552 quo
409 497 694 552 philosophia
725 487 981 539 instituitur.
1021 496 1300 552 Quamquam
1330 499 1484 553 negari
1514 513 1604 541 non
1635 502 1782 554 potest
1811 499 2051 543 nonnullas

232 569 458 625 scriptoris
498 569 727 625 opiniones
770 583 859 611 non
903 569 1049 611 minus
1080 568 1323 612 Plutarcho
1365 573 1491 625 aptas
1531 584 1626 613 esse
1657 574 1701 614 et
1742 570 2051 626 philosophiae

230 655 368 697 genus
400 641 654 684 eclecticum
688 655 714 683 a
745 639 1012 683 Plutarcheo
1058 640 1180 683 haud
1209 641 1274 683 ita
1317 641 1503 684 multum
1535 641 1722 696 differre,
1765 646 1916 685 tamen
1946 641 2050 685 talis

230 713 577 768 philosophandi
620 713 734 754 ratio
766 726 854 754 non
885 711 1017 764 illius,
1063 712 1141 754 sed
1183 713 1392 767 temporis
1424 716 1491 755 est
1533 716 1665 768 atque
1698 727 1751 755 ea
1781 713 1893 768 ipsa,
1935 726 2051 768 quae

230 784 460 827 Plutarchi
486 784 674 826 maxime
701 783 881 838 propria
908 787 1022 836 sunt,
1055 787 1105 826 ut
1130 783 1356 839 religionis
1381 784 1504 827 notio
1533 798 1585 826 ac
1610 784 1673 826 vis
1700 784 1904 842 eximia1)
1929 784 2050 840 apud

230 855 613 899 Ps.-Plutarchum
639 855 808 898 desunt.
839 854 1043 908 Accedit,
1070 855 1187 909 quod
1214 856 1472 910 scriptorem
1499 855 1807 910 paedagogum
1828 855 2051 898 educandi

229 928 427 983 peritum,
461 927 538 970 sed
570 941 698 970 verae
730 927 1039 982 philosophiae
1071 927 1225 969 rudem
1256 941 1351 970 esse
1378 941 1513 983 supra
1543 926 1771 982 probabile
1796 927 1936 970 visum
1962 931 2047 970 est:

230 999 309 1042 tali
340 999 507 1042 homini
533 999 578 1041 in
605 999 837 1041 Plutarchi
863 998 1015 1041 schola
1040 998 1164 1041 locus
1191 1013 1279 1041 non
1305 1002 1385 1042 est.
1420 997 1536 1042 Sane
1563 999 1601 1041 si
1627 1013 1724 1041 eam
1750 998 2050 1042 coniecturam
2072 1009 2081 1013 “
2132 1014 2138 1015 ’

230 1085 530 1126 aspernamur,
563 1074 714 1122 restat,
745 1074 793 1113 ut
825 1070 1043 1125 quomodo
1076 1069 1252 1112 libellus
1277 1070 1322 1112 in
1348 1069 1577 1113 Plutarchi
1603 1070 1864 1125 scriptorum
1889 1083 2049 1126 corpus

228 1143 466 1197 irrepserit,
498 1142 752 1197 explicetur.
786 1131 874 1185 Sed
898 1141 1022 1184 nulla
1048 1156 1094 1184 re
1126 1142 1270 1184 nisum
1302 1141 1472 1197 aliquid
1505 1142 1751 1185 coniectare
1783 1141 1915 1184 inane
1939 1141 2050 1184 mihi

229 1214 404 1269 quidem
439 1214 623 1257 videtur.
657 1214 805 1270 Quare
839 1214 945 1256 satis
971 1214 1029 1256 sit
1054 1214 1213 1256 iterum
1246 1227 1599 1267 commemorare,
1629 1213 1676 1256 id
1703 1213 1823 1268 quod
1848 1227 1872 1257 e
1897 1211 2048 1256 libello

227 1287 322 1340 ipso
355 1285 483 1329 nobis
515 1286 671 1340 evenit,
703 1286 962 1340 scriptorem
994 1284 1225 1328 Plutarchi
1271 1285 1501 1340 aequalem
1532 1285 1628 1328 fere
1658 1285 1818 1339 fuisse3
1862 1285 2048 1328 fortasse

229 1360 360 1400 ctiam
403 1357 565 1400 artiore
611 1372 743 1412 quam
791 1357 1002 1412 temporis
1051 1358 1221 1399 ratione
1264 1371 1360 1399 cum
1404 1371 1454 1399 eo
1501 1358 1763 1399 coniunctus
1813 1361 1920 1411 erat,
1969 1355 2048 1400 sed

230 1429 467 1483 quomodo,
511 1429 674 1483 fingere
717 1443 807 1471 non
847 1428 999 1471 audeo.
1044 1427 1252 1485 Ceterum
1294 1429 1481 1471 nonita
1526 1427 1705 1470 difficile
1749 1440 1844 1470 esse
1875 1427 2049 1471 videtur

230 1499 466 1556 explicatu,
519 1500 739 1555 quomodo
784 1501 1010 1555 scriptoris
1061 1500 1287 1542 cuiusdam
1330 1500 1471 1554 ignoti
1513 1497 1701 1552 libellus,
1752 1513 1851 1540 011111
1893 1498 2084 1542 eadem-

230 1575 387 1624 aetate,
428 1586 515 1626 qua
558 1571 824 1614 Plutarchus
853 1572 1005 1625 viguit,
1050 1572 1326 1625 conscriptus
1370 1574 1485 1613 esset
1517 1570 1695 1624 eiusque
1739 1569 2047 1624 philosophiae
2109 1625 2118 1633 ·

228 1658 559 1698 nonnumquam
604 1643 766 1686 similia
810 1642 1053 1697 praeberet,
1096 1645 1252 1697 postea
1293 1642 1340 1684 in
1383 1642 1513 1684 huius
1562 1641 1816 1697 philosophi
1865 1654 2047 1696 operum

231 1730 392 1770 corpus
424 1715 602 1759 venerit.

373 1787 609 1842 Reliquum
653 1790 730 1839 est,
768 1790 817 1829 ut
852 1799 1109 1828 moneamus
1149 1811 1205 1816 —
1237 1785 1284 1827 id
1328 1785 1447 1839 quod
1490 1799 1566 1839 per
1602 1799 1647 1827 se
1687 1784 1958 1840 intellegitur
1989 1808 2046 1817 -—

227 1858 453 1908 nonnulla,
479 1872 592 1913 quae
619 1872 751 1913 supra
772 1858 936 1912 passim
956 1873 1005 1900 ex
1025 1857 1211 1900 aliorum
1230 1856 1477 1900 imitatione
1498 1857 1696 1910 derivata
1717 1861 1830 1909 sunt,
1857 1856 2046 1900 fortasse
2100 1886 2103 1889 -

228 1930 359 1972 etiam
385 1930 612 1984 scriptoris
637 1930 776 1984 ipsius
802 1929 976 1984 ingenio
1005 1928 1285 1971 attribuenda
1317 1942 1430 1981 esse3
1465 1932 1583 1971 certo
1610 1942 1699 1970 non
1724 1931 1851 1971 tanta
1876 1942 1929 1971 ac
1953 1931 2046 1971 tam

227 2001 365 2044 multa
409 2005 522 2055 sunt,
570 2004 620 2043 ut
661 2001 871 2043 iudicium
917 2002 969 2043 de
1014 2015 1064 2043 eo
1108 2003 1312 2043 mutetur.
1357 1999 1482 2055 Quae
1520 1999 1558 2041 si
1602 1999 1949 2054 complectimur,
1991 1999 2046 2042 de

230 2074 441 2128 scriptore
479 2073 575 2128 ipso
620 2072 730 2114 nihil
767 2073 928 2115 certius
973 2071 1292 2115 contenderim:
1339 2071 1418 2114 sed
1458 2075 1644 2126 tempus,
1687 2075 1823 2123 aetas,
1861 2071 2046 2126 animus,
2115 2075 2120 2078 ’

225 2144 450 2199 ingenium
494 2144 586 2186 eius
631 2142 779 2198 aliqua
812 2158 909 2185 cum
954 2142 1268 2197 probabilitate
1313 2142 1504 2185 describi
1547 2156 1676 2197 posse
1707 2142 1921 2185 videntur.
1982 2141 2047 2185 Ut
2110 2143 2114 2146 ’

227 2215 405 2258 tandem
424 2215 553 2257 huius
573 2215 851 2257 tractationis
872 2219 1131 2269 argumenta
1151 2215 1196 2256 in
1221 2229 1357 2256 unum
1384 2214 1626 2256 conferam:
1652 2211 2044 2257 Ps.—Plutarchi

227 2283 443 2329 libellus
492 2288 602 2341 περὶ
642 2287 837 2329 παίδων
887 2288 1085 2341 ἀγωγῆς
1136 2286 1521 2340 philosophiae,
1571 2299 1671 2328 non
1720 2284 2044 2340 philosopho

229 2357 486 2412 scriptori
519 2356 898 2400 attribuendus
931 2360 1021 2399 est.

369 2486 397 2532 ²)
424 2487 527 2532 Quae
565 2499 622 2522 res
662 2487 706 2521 de
744 2489 824 2522 tota
862 2487 927 2521 illa
966 2488 1087 2522 aetate
1113 2486 1237 2522 valere
1262 2485 1427 2529 videtur,
1468 2496 1582 2530 quare
1607 2484 1882 2520 Ps.-Plutarchi
1915 2485 2043 2531 negle-

226 2547 355 2593 gentia
381 2567 424 2573 —-
451 2559 537 2582 nam
576 2550 723 2591 praeter
761 2547 834 2581 duo
872 2547 984 2581 verba
1025 2546 1091 2581 71¹}
1118 2546 1209 2580 nihil
1250 2546 1405 2580 deorum
1446 2545 1589 2579 cultum
1628 2547 1735 2579 curat
1761 2565 1806 2570 ——
1838 2544 1997 2580 fortasse
2021 2556 2042 2580 e

229 2606 558 2651 Peripateticorum
585 2607 730 2641 ratione
768 2605 972 2641 derivanda
1004 2608 1070 2650 est,
1097 2605 1197 2650 apud
1235 2616 1326 2649 quos
1364 2604 1518 2639 deorum
1546 2604 1738 2638 veneratio
1765 2604 1801 2638 in
1839 2603 2042 2639 virtutibus

227 2666 431 2700 moralibus
455 2677 529 2700 non
555 2668 646 2709 erat,
685 2665 732 2700 cf.
759 2665 1016 2709 Aristotelem,
1056 2664 1141 2698 Eth.
1169 2664 1215 2700 N.
1243 2664 1333 2699 1137
1351 2676 1371 2698 a
1397 2665 1459 2707 263
1487 2662 1642 2706 Wundt,
1676 2663 1812 2700 Gesch.
1837 2662 1873 2698 d.
1899 2662 2041 2709 griech.

226 2725 343 2760 Eum<
370 2724 411 2759 1[
437 2737 472 2770 p.
501 2726 581 2761 122.
