2112 3432
238 701 486 767 Plutarchi
512 725 587 779 qui
616 724 760 766 fertur
781 725 941 767 librum
960 725 1068 780 Περὶ
1098 727 1266 769 παίδων
1297 729 1469 782 ἀγωγῆς
1499 740 1526 768 a
1551 726 1792 771 Plutarcho
1823 743 1913 772 non

94 811 190 840 esse
209 797 505 851 conscriptum
523 796 613 837 iam
635 795 799 837 dudum
816 796 934 838 inter
958 795 1071 838 viros
1098 795 1251 838 doctos
1278 800 1481 840 constare
1507 798 1736 853 videtur1).
1770 799 1914 855 Quam

95 882 189 911 rem
218 866 589 924 Wyttenbachius
599 867 633 920 2)
678 870 771 908 tam
809 869 983 921 copiose
1021 871 1200 921 tamque
1236 866 1460 910 luculente
1504 870 1820 923 comprobavit,
1864 876 1918 914 ut

93 939 183 982 iam
214 954 304 982 non
336 952 447 994 opus
485 952 579 980 esse
610 937 718 979 mihi
749 937 926 992 quidem
955 937 1156 980 videatur
1187 943 1445 993 argumenta
1476 940 1570 981 eius
1603 945 1802 994 repetere
1835 946 1916 984 aut

92 1024 209 1053 nova
239 1011 512 1064 conquirere.
554 1008 853 1052 Nihilominus
882 1008 967 1051 hoc
998 1023 1170 1064 quoque
1202 1009 1413 1064 opusculo
1447 1014 1491 1053 et
1521 1024 1574 1053 ex
1604 1011 1750 1054 forma
1774 1012 1914 1055 libelli

94 1085 140 1124 et
169 1096 223 1124 ex
254 1084 513 1137 argumento
544 1079 807 1134 probabitur
836 1080 1125 1122 Plutarchum
1156 1082 1414 1135 scriptorem
1447 1096 1536 1124 non
1568 1096 1674 1125 esse.
1707 1083 1913 1127 Ceterum

94 1152 150 1195 de
181 1151 517 1208 Wyttenbachii
560 1155 604 1193 et
638 1150 827 1206 Dyroffii
838 1151 885 1205 3),
930 1165 1058 1205 quem
1092 1151 1178 1193 hoc
1214 1155 1410 1206 tempore
1455 1152 1635 1206 plurimi
1673 1154 1756 1196 viri
1793 1155 1912 1198 docti

93 1228 352 1278 sequuntur,
389 1222 618 1265 sententiis
648 1222 695 1264 in
726 1221 891 1264 tertia
929 1226 972 1264 et
1001 1222 1050 1264 in
1081 1226 1269 1276 quarta
1306 1224 1588 1266 tractationis
1625 1224 1754 1267 huius
1785 1230 1912 1279 parte

93 1295 204 1337 satis
235 1299 403 1349 agetur,
435 1293 511 1336 ubi
542 1294 592 1336 de
622 1294 818 1349 fontibus
844 1293 1177 1337 Ps.-Plutarelzi
1201 1297 1245 1335 et
1269 1294 1318 1336 de
1342 1295 1549 1350 scriptore
1574 1296 1753 1351 eiusque
1776 1300 1915 1340 aetate

93 1369 347 1421 quaeretur;
378 1364 547 1420 prima
577 1367 726 1406 autem
744 1367 871 1418 parte
896 1365 1140 1420 compositio
1165 1379 1216 1407 ae
1237 1379 1377 1419 yenus
1396 1366 1544 1421 libelli,
1574 1365 1738 1408 altera
1763 1381 1912 1410 rerum

91 1437 356 1492 comparatio
387 1435 663 1478 tractabitur.
1270 1428 1273 1431 ἢ

237 1552 264 1597 ¹)
289 1552 365 1588 Sed
395 1564 431 1588 v.
463 1551 775 1596 Christ-Schmid,
811 1552 947 1588 Gesch.
978 1552 1014 1587 d.
1046 1553 1188 1598 griech.
1220 1552 1295 1588 Lit.
1314 1553 1370 1599 11,
1404 1555 1462 1599 1⁵,
1495 1566 1530 1599 p.
1557 1554 1642 1598 3843
1689 1555 1734 1589 de
1760 1556 1910 1591 dicendi

91 1623 227 1658 genere
253 1613 292 1646 in
317 1622 362 1647 ea
380 1612 596 1657 quaestione
616 1611 829 1646 adhibendo
850 1611 898 1647 cf.
919 1611 1226 1658 Weissenberger,
1252 1612 1322 1647 Die
1342 1612 1508 1658 Sprache
1527 1612 1727 1650 Plutarchs
1753 1615 1830 1649 und
1850 1615 1910 1650 die

90 1671 420 1717 pseudoplutarch.
446 1670 638 1707 Schriften
662 1670 811 1716 (Progr.
838 1670 1056 1716 Straubing,
1083 1671 1191 1716 1895)
1217 1684 1251 1717 p.
1272 1673 1316 1706 41
1345 1684 1398 1716 sq.

235 1729 266 1775 ²)
292 1730 556 1775 wyttenbach‚
583 1730 938 1765 Animadversiones
964 1731 1002 1764 in
1028 1730 1223 1765 Plutarchi
1248 1730 1412 1766 Moralia
1439 1731 1570 1776 (1820).

233 1789 264 1834 3)
301 1789 442 1834 Dyroff,
482 1790 552 1824 Die
588 1789 705 1823 Ethik
743 1790 809 1825 der
847 1789 949 1824 alten
979 1789 1072 1824 Stoa
1109 1789 1295 1832 (Berliner
1326 1789 1484 1824 Studien
1516 1789 1542 1825 f.
1575 1790 1686 1827 klass.
1711 1790 1847 1826 Philol.
1872 1805 1911 1826 u.

20 1868 24 1874 ·
87 1848 268 1884 Archiiol.
296 1849 400 1892 1897,
423 1848 470 1882 N.
491 1847 532 1883 F.
553 1849 606 1892 2);
632 1860 668 1892 p.
687 1847 769 1892 239,
800 1847 895 1882 Eine
921 1846 1065 1882 Schrift
1089 1847 1153 1881 des
1179 1847 1362 1893 Chrysipp
1388 1849 1442 1883 als
1468 1848 1634 1894 Vorlage
1660 1849 1727 1885 der
1750 1850 1910 1895 pseudo-

88 1907 393 1952 plutarchischen
418 1906 563 1942 Schrift
586 1906 678 1941 iiber
703 1905 1063 1951 Kindererziehung.
1089 1906 1234 1951 Cetera,
1261 1907 1395 1951 quibus
1421 1909 1565 1952 saepius
1588 1913 1688 1953 utor,
1712 1909 1806 1944 haec
1830 1910 1910 1945 fere

89 1968 193 2001 sunt·
232 2024 384 2069 Schick,
414 2024 579 2059 Favorin
609 2025 701 2070 περὶ
725 2023 881 2060 παίδων
903 2030 1057 2071 τροφῆς
1086 2026 1162 2060 und
1188 2025 1249 2060 die
1275 2026 1402 2060 antike
1426 2025 1764 2072 Erziehungslehre
1795 2028 1909 2072 (Diss.

94 2083 136 2117 Li
166 2095 194 2118 s.
271 2084 315 2118 12

138 2094 164 2128 p
221 2084 483 2188 lgmgvberger’
502 2141 716 2188 Erziehung
733 2142 809 2177 und
823 2142 1045 2177 Unterricht
1056 2144 1108 2178 im
1122 2143 1353 2179 klassischen
1365 2145 1560 2180 Altertum
1574 2146 1708 2191 (1875),
1723 2147 1830 2181 Band
1843 2147 1886 2181 II
1898 2159 1911 2182 ·.

88 2201 166 2236 Der
190 2202 374 2236 musische
398 2201 630 2246 Unterricht,

231 2260 457 2306 Wendland,
489 2260 723 2302 Quae-§tiones
747 2260 993 2295 Musonianae
1018 2262 1156 2306 (1886),
1981 2297 1984 2299 Α

229 2318 457 2365 Wendland,
480 2319 592 2354 Philo
616 2319 693 2354 und
718 2319 778 2354 die
797 2320 1133 2364 kynisch-stoische
1154 2322 1324 2357 Diatribe
1351 2322 1561 2365 (W.-Kern‚
1583 2323 1699 2358 Beitr.
1720 2335 1749 2358 z.
1772 2323 1904 2359 Gesch.

87 2377 126 2412 d.
144 2378 286 2423 griech.
312 2378 451 2414 Philos.
476 2391 512 2413 u.
537 2377 674 2423 Relig„
700 2378 817 2423 1895),

230 2436 422 2483 Priichter,
448 2437 648 2472 Hierokles
673 2437 740 2472 der
765 2437 917 2473 Stoiker
942 2437 1078 2482 (1901),

230 2495 403 2540 Schiitze,
427 2497 614 2532 Iuvenalis
638 2497 776 2532 ethicus
802 2496 919 2539 (Diss.
951 2496 1088 2542 Grypk.
1115 2499 1234 2542 1905),

231 2553 268 2589 J.
289 2555 328 2590 J.
347 2555 573 2600 Hartmann‚
600 2556 669 2591 Ad.
695 2556 792 2592 Plut.
817 2556 908 2591 Mor.
935 2559 1058 2593 annot.
1084 2557 1236 2592 criticae
1259 2557 1519 2602 (Mnemosyne
1544 2558 1591 2595 N.
1619 2571 1647 2593 S.
1673 2558 1756 2603 XL,
1785 2559 1907 2604 1912),

115 2640 123 2647 .
147 2613 218 2649 237

86 2625 112 2658 p
222 2638 361 2715 'Cobet,
387 2673 541 2710 Miscell.
560 2675 693 2720 philol.
717 2678 748 2709 et
772 2675 854 2709 erit.
881 2675 1140 2719 (Mnemosyne
1164 2674 1211 2709 N.
1231 2687 1256 2709 s.
1277 2675 1299 2709 Ι
1327 2676 1428 2711 1873.
1449 2671 1491 2720 p.
1511 2676 1608 2721 354),

231 2731 423 2767 Editiones
446 2733 659 2768 Plutarchi:
687 2733 858 2769 Hercher
884 2734 1017 2778 (1872),
1043 2733 1293 2769 Bernardakis
1320 2735 1457 2779 (1892).
