2138 3438
920 121 1214 163 -31-

158 263 239 318 qui
272 263 390 305 circa
420 275 581 317 pueros
614 266 729 316 suut,
761 276 912 304 curam
943 276 1159 304 summam
1190 261 1398 303 habuisse
1431 260 1679 317 (Dyroffius
1711 261 1738 304 l.
1768 261 1798 305 l.
1822 276 1864 316 p.
1889 263 1975 305 246

159 339 206 377 et
236 333 432 391 passim).
458 332 670 376 'Eandem
702 346 852 375 curam
884 333 1105 375 omnium
1136 332 1432 375 Stoicorum
1463 332 1600 374 fuisse
1632 332 1764 375 facile
1797 333 1975 375 demon-

159 409 305 448 stratu
337 409 405 448 est
433 418 516 447 nec
547 404 732 446 multum
762 403 835 446 hic
865 403 1014 457 refert,
1044 408 1190 446 utrum
1221 418 1244 446 e
1271 403 1508 458 Chrysippi
1533 403 1646 445 libro
1673 403 1739 446 vel
1767 405 1975 459 opinione

159 479 295 519 ceteri
324 475 548 530 pendeant
577 489 734 527 necne3
769 475 824 518 cf.
858 474 1117 532 Senecam¹)
1142 475 1212 516 De
1236 475 1304 517 ira
1334 474 1385 516 Π
1416 477 1485 526 21,
1517 476 1557 528 9,
1590 489 1719 529 quem
1745 475 1975 517 Posidonii

159 547 406 590 doctrinam
435 547 520 589 hoc
550 546 649 589 loco
683 547 807 601 sequi
838 560 972 602 supra
995 546 1229 602 probatum
1260 549 1343 588 est:
1370 547 1610 601 pertinebit
1642 548 1700 588 ad
1729 561 1821 588 rem
1845 561 1975 601 prae-

159 622 347 674 ceptores
376 619 725 675 paedayoyosque
755 619 911 674 pueris
942 619 1137 673 placidos
1173 618 1283 660 dari.
1314 618 1536 673 prooeimis
1572 618 1822 673 adplicatur
1851 632 1976 660 omn-e

159 691 274 745 quod
309 695 504 732 tenerum
541 693 603 732 est
638 694 676 732 et
712 690 765 731 in
802 703 947 732 eorum
982 689 1317 731 similitudinem
1352 689 1516 742 crescit,
1551 689 1780 730 nutricum
1811 693 1851 731 et
1874 703 1975 744 pae-

158 763 422 816 dayoyorum
451 762 633 803 retulere
664 775 763 802 mox
792 761 842 803 in
874 760 1208 802 adulescentiam
1238 774 1388 802 mores.

301 833 372 874 De
415 836 644 886 parentum
687 832 882 874 moribus
930 832 1146 885 perversis
1189 835 1234 873 et
1274 831 1491 873 malorum
1537 831 1763 873 hominum
1807 845 1902 882 usu,
1949 845 1976 872 a

163 902 323 958 quibus
362 902 557 946 infantes
596 903 699 945 inde
732 918 758 945 a
801 903 944 957 prima
987 906 1132 945 aetate
1175 903 1293 944 vitiis
1325 902 1596 953 imbuuntur,
1642 902 1829 956 posteris
1862 902 1975 943 anti-

162 975 345 1030 quitatis
388 973 660 1028 temporibus
703 974 877 1028 saepius
921 973 1125 1028 querelae
1168 973 1463 1016 audiebantur
1494 978 1627 1028 atque
1658 974 1705 1014 in
1747 973 1975 1028 popularis

160 1059 272 1100 quae
298 1050 482 1088 vocatur
499 1045 804 1100 philosophiae
823 1044 947 1086 libris
965 1045 1098 1087 tritae
1118 1049 1258 1087 erant.
1286 1043 1481 1087 Stoicum
1506 1045 1696 1087 colorem
1715 1044 1974 1099 plerumque

160 1116 295 1159 facile
315 1117 538 1159 sentimus.
565 1115 866 1171 Quintilianus
898 1116 1051 1158 scribit
1074 1116 1184 1158 Inst.
1212 1131 1273 1158 or.
1294 1116 1319 1158 I
1338 1118 1379 1167 2,
1407 1118 1521 1159 6—8
1543 1117 1718 1158 utinam
1738 1116 1974 1158 liberorum

163 1193 413 1231 nostrorum
435 1202 575 1231 mores
600 1201 687 1231 non
713 1189 802 1243 ipsi
820 1189 1128 1243 perderemus!
1162 1187 1469 1242 invehi-turque
1494 1190 1539 1229 in
1568 1179 1764 1238 delicias,
1797 1186 1974 1229 mollem

160 1260 480 1311 educationem,
515 1259 747 1313 luxuriam,
782 1259 1121 1314 impudicitiam;
1155 1260 1336 1302 Tacitus
1369 1260 1531 1302 similia
1562 1260 1739 1302 exhibet
1768 1259 1887 1302 Dial.
1919 1259 1973 1301 de

161 1346 224 1374 or.
251 1333 325 1373 28:
357 1331 482 1385 pueri
524 1331 721 1385 pristinis
764 1330 1035 1384 temporibus
1072 1330 1376 1373 educabantur
1408 1331 1464 1373 ab
1502 1330 1751 1373 hominibus
1776 1332 1975 1386 probatis

157 1403 441 1457 spectatisque
473 1402 692 1452 moribus,·
724 1415 867 1444 coram
897 1416 985 1457 qua
1010 1404 1092 1457 (sc.
1115 1403 1280 1458 subole)
1310 1417 1444 1458 neque
1469 1403 1605 1445 dicere
1628 1403 1700 1458 fas
1725 1407 1829 1456 erat,
1861 1404 1976 1457 quod

159 1477 286 1529 turpe
316 1474 449 1527 dictu,
490 1487 627 1528 neque
658 1474 811 1528 facere,
853 1474 968 1527 quod
1007 1474 1284 1516 inhonestum
1312 1474 1436 1528 factu
1467 1475 1696 1528 videretur,
1733 1474 1790 1516 ib.
1822 1476 1898 1516 29:
1929 1478 1977 1516 at

159 1534 282 1587 nunc
299 1547 434 1586 natus
457 1545 613 1599 infans
637 1546 856 1599 deleyatur
886 1544 1120 1587 Graeculae
1143 1545 1278 1588 alicui
1300 1545 1498 1599 ancillae,
1522 1546 1598 1587 cui
1622 1546 1885 1598 adiunyitur
1904 1579 1912 1588 .
1933 1579 1942 1586 .
1962 1577 1972 1586 .

155 1630 208 1658 ea:
229 1647 238 1656 .
261 1650 268 1657 .
291 1648 300 1656 .
329 1616 467 1657 servis
489 1616 749 1671 plerumque
772 1616 1014 1658 vilissimus
1035 1651 1043 1658 .
1071 1650 1078 1658 .
1100 1648 1109 1657 .
1135 1616 1290 1658 horum
1312 1617 1478 1671 fabulis
1503 1620 1544 1658 et
1565 1616 1788 1658 erroribus
1813 1616 1973 1657 virides

157 1687 304 1729 statim
329 1690 370 1728 et
394 1687 532 1728 teneri
554 1687 695 1728 animi
718 1687 981 1729 imbuuntur
1001 1718 1011 1728 .
1034 1719 1044 1729 .
1066 1721 1074 1729 .
1100 1687 1212 1742 quin
1237 1688 1370 1729 etiam
1387 1687 1478 1742 ipsi
1495 1690 1701 1741 parentes
1722 1718 1730 1727 .
1754 1721 1761 1728 .
1784 1718 1793 1728 .
1819 1687 1972 1728 adsue-

156 1758 332 1813 faciunt
376 1757 578 1799 lasciviae
607 1761 650 1799 et
689 1757 921 1811 dicacitati,
943 1772 1027 1812 per
1068 1772 1178 1812 quae
1216 1759 1441 1812 paulatim
1482 1759 1757 1812 impudentia
1792 1758 1969 1812 inrepit.

157 1827 254 1870 Nec
278 1828 424 1870 minus
451 1828 612 1870 acriter
630 1827 853 1870 Iuvenalis
876 1831 1052 1882 patrum
1077 1828 1279 1883 exempla
1302 1829 1420 1870 mala
1445 1829 1684 1883 vituperat3
1711 1831 1806 1870 tota
1833 1829 1972 1870 satira

159 1902 214 1941 14
246 1899 293 1940 in
337 1913 389 1941 ea
431 1913 477 1940 re
509 1903 720 1951 versatur,
763 1899 1044 1942 conferantur
1080 1914 1118 1941 v.
1150 1901 1204 1942 32
1249 1900 1459 1942 vitiorum
1500 1900 1689 1955 exempla
1731 1900 1972 1952 domestica,

157 1986 197 2012 v.
225 1971 280 2012 39
312 1971 522 2025 quoniam
553 1970 706 2013 dociles
732 1971 958 2012 imitandis
988 1971 1194 2026 turpibus
1217 1985 1268 2013 ac
1291 1971 1448 2026 pravis
1477 1984 1622 2013 omnes
1652 1985 1819 2025 sumus,
1850 1985 1886 2012 v.
1914 1972 1968 2012 47

158 2042 350 2084 maxima
391 2042 569 2084 debetur
606 2056 745 2097 puero
787 2043 1037 2084 reverentia.
1081 2040 1324 2096 Sequentes
1366 2055 1516 2084 versus
1554 2042 1833 2096 perspicuum
1872 2055 1971 2083 cum

157 2110 495 2154 Ps.—Plutarcho
528 2126 788 2154 consensum
818 2112 1051 2167 praebent:
1098 2114 1154 2154 54
1186 2114 1394 2168 corripies
1425 2114 1643 2155 nimirum
1675 2116 1712 2154 et
1742 2114 1971 2168 cczstiyabis

155 2184 304 2226 acerbo
329 2185 337 2239 1
364 2184 548 2226 clamore
566 2216 576 2226 .
596 2220 604 2227 .
626 2216 635 2226 .
659 2184 776 2226 unde
795 2184 878 2225 tibi
892 2186 1083 2239 frontem
1109 2184 1426 2239 libertatemque
1438 2185 1653 2239 parentis,
1681 2185 1686 2240 Ι
1714 2198 1813 2226 cum
1831 2184 1971 2239 facias

151 2255 307 2310 peiora
345 2256 502 2297 senex?
544 2258 590 2296 et
618 2254 832 2296 Ps.-Plut.
877 2253 991 2297 14A
1021 2256 1084 2302 ὡς
1125 2258 1266 2302 οἵτινες
1295 2260 1379 2302 τοῖς
1411 2257 1719 2309 ἁμαρτάνουσιν
1749 2257 1853 2301 υἱοῖς
1882 2257 1969 2296 ε’πι-

155 2331 354 2380 τιμῶντες
383 2331 467 2373 τοῖς
508 2329 648 2374 αὐτοῖς
690 2328 960 2382 ἁμαρτήμασι
1001 2329 1324 2380 περιπίπτουσιν,
1366 2327 1432 2369 ἐπὶ
1471 2331 1529 2381 τῷ
1571 2328 1746 2368 ἐκείνων
1796 2327 1970 2380 ὀνόματι

156 2397 438 2440 λανθάνουσιν
469 2399 630 2440 ἑαυτῶν
660 2399 888 2453 κατήγοροι
918 2399 1161 2452 γιγνόμενοι,
1191 2399 1236 2440 τὸ
1269 2399 1313 2440 δ’
1341 2398 1441 2439 ὅλον
1472 2398 1651 2451 φαύλως
1683 2399 1836 2446 ζῶντες
1867 2397 1970 2439 οὐδὲ

156 2473 242 2515 τοῖς
273 2469 441 2516 δούλοις
482 2471 720 2523 παρρησίαν
761 2471 932 2524 ἄγουσιν
966 2472 1165 2523 ἐπιτιμᾶν,
1205 2471 1264 2523 μή
1309 2471 1346 2511 τί
1374 2485 1418 2523 γε
1454 2473 1538 2515 τοῖς
1570 2470 1675 2515 υἱοῖς
1685 2468 1732 2521 ²).
1795 2467 1968 2522 Quibus

155 2538 366 2592 exemplis
382 2540 516 2581 “satis
558 2538 791 2593 probatum
835 2553 930 2581 esse
970 2543 1076 2594 puto
1121 2539 1240 2594 apud
1285 2539 1478 2581 omnium
1515 2542 1762 2593 temporum
1794 2539 1967 2582 Stoicos

154 2609 276 2652 illam
317 2623 481 2661 curam,
526 2610 580 2652 de
624 2624 713 2664 qua
745 2611 943 2664 quaestio
976 2614 1055 2662 est,
1087 2609 1291 2652 valuisse.
1336 2609 1503 2651 Tamen
1547 2624 1636 2652 non
1680 2609 1858 2652 difficile
1902 2614 1968 2651 est

156 2680 442 2734 comprobare
475 2681 527 2723 de
559 2680 643 2723 hac
673 2695 720 2722 re
757 2681 872 2723 inter
902 2684 1092 2722 veterem
1125 2694 1178 2722 ac
1208 2680 1399 2722 mediam
1431 2680 1586 2723 Stoam
1629 2680 1891 2732 interfuisse,
1922 2681 1967 2722 in

157 2751 360 2793 vitiorum
393 2751 559 2806 origine
590 2751 831 2794 iudicanda
863 2751 972 2794 dico.
1010 2751 1136 2806 Quae
1168 2755 1263 2793 erat
1295 2750 1529 2805 Chrysippi
1562 2751 1858 2806 psychologia,
1892 2752 1967 2805 qui

298 2878 326 2924 ¹)
351 2878 459 2915 Idem
485 2881 697 2925 saepissime
722 2881 768 2916 de
793 2881 1051 2926 exemplorum
1076 2881 1112 2915 vi
1140 2883 1251 2925 atque
1276 2881 1470 2916 hominum
1494 2892 1565 2915 usu
1590 2883 1656 2915 aut
1674 2881 1882 2926 pernicioso
1902 2885 1967 2915 aut

155 2937 351 2982 profuturo
377 2939 468 2984 agit,
494 2938 544 2974 cf.
569 2950 598 2974 e.
625 2951 660 2984 g.
686 2939 756 2984 Ep.
777 2940 810 2984 6,
835 2941 873 2983 5;
899 2940 958 2984 83,
986 2940 1045 2983 13;
1075 2940 1130 2983 11,
1156 2940 1288 2983 8-10;
1318 2941 1398 2983 123,
1422 2940 1456 2984 6,
1483 2940 1530 2974 al.

298 2997 327 3041 ²)
353 2996 401 3032 cf.
427 3001 624 3043 praeterea
659 2998 788 3034 Iuven.
817 2999 874 3042 14,
913 2999 956 3034 10
970 3011 1036 3043 sq„
1073 2998 1232 3044 Quintil.
1257 2998 1352 3033 Inst.
1378 3010 1430 3034 or.
1458 2998 1478 3033 I
1503 2999 1537 3042 2,
1563 3000 1597 3044 8,
1633 2998 1733 3033 Plut.
1767 2999 1843 3035 div.
1883 3011 1964 3044 cup.

154 3066 185 3090 c.
206 3057 240 3099 7,
268 3055 325 3091 De
352 3056 439 3091 aud.
463 3059 563 3101 poet.
589 3057 681 3093 36D
707 3060 734 3102 (.
755 3084 763 3092 .
786 3085 794 3092 .
819 3057 878 3094 ὧν
902 3058 1020 3103 ἤκουε
1043 3063 1117 3104 τῆς
1140 3058 1287 3105 ιιητρὸς
1311 3060 1372 3094 ἀεὶ
1396 3060 1460 3094 καὶ
1485 3058 1615 3104 τίτθης
1638 3060 1702 3094 καὶ
1728 3057 1775 3103 νὴ
1804 3059 1871 3093 Δία
1897 3065 1966 3094 τοῦ

156 3115 309 3161 πατρὸς
331 3116 395 3151 καὶ
419 3122 490 3152 τοῦ
512 3114 774 3162 παιδαγωγοῦ
789 3142 799 3152 .
820 3145 829 3152 .
850 3118 886 3162 .).
