2138 3438
1022 697 1171 749 Pars
1213 697 1255 749 Ι.

464 827 560 899 De
614 825 1103 927 compositione
1157 848 1233 899 ac
1284 849 1534 916 genere
1583 828 1810 903 libelli.

370 1005 634 1059 Priusquam
667 1004 721 1046 de
753 1003 896 1056 rebus,
945 1018 1057 1060 quae
1089 1004 1172 1047 hoc
1209 1004 1359 1048 libello
1398 1010 1660 1059 tractantur,
1692 1007 1949 1062 iudicamus,
1989 1004 2045 1050 de

226 1080 388 1119 natura
410 1090 462 1118 ac
482 1090 641 1130 genere
662 1076 755 1118 eius
786 1076 1099 1130 inquirendum
1131 1076 1317 1129 videtur,
1351 1078 1561 1131 quoniam
1580 1078 1627 1120 in
1647 1079 1910 1133 scriptorum
1928 1078 2047 1133 cogi-

223 1147 470 1190 tationibus
484 1147 789 1189 examinandis
803 1147 924 1189 haud
939 1148 1061 1201 parvi
1075 1150 1142 1189 est
1155 1149 1363 1190 momenti
1376 1149 1656 1204 investigare,
1677 1150 1794 1192 unde
1809 1153 1932 1192 ortae
1945 1150 2046 1192 sint.

225 1218 355 1274 Quod
386 1233 718 1272 nonnumquam
749 1232 802 1260 ex
832 1218 1057 1260 tractandi
1088 1219 1422 1274 exponendique
1454 1221 1626 1263 ratione
1659 1221 1882 1263 evidenter
1906 1234 2044 1276 appa—

226 1304 321 1332 rere
359 1304 486 1332 nemo
520 1294 586 1332 est
619 1291 725 1344 quin
757 1290 886 1332 sciat:
924 1289 1018 1331 fieri
1045 1290 1160 1332 enim
1191 1294 1349 1344 potest,
1381 1295 1431 1333 ut
1461 1306 1640 1335 normae
1673 1292 1892 1348 quaedam
1923 1305 2047 1347 repe-

226 1361 409 1414 riantur,
448 1361 689 1403 secundum
727 1374 838 1415 quas
871 1364 1018 1403 cetera
1052 1361 1306 1416 quaerenda
1338 1362 1438 1404 sint.
1485 1361 1630 1418 Quare
1664 1377 1687 1405 e
1718 1362 1862 1421 forma
1890 1362 2046 1416 libelli,

226 1447 360 1487 quam
405 1433 501 1476 dico
547 1447 692 1475 rerum
738 1432 1069 1487 dispositionem
1115 1436 1246 1488 atque
1284 1447 1508 1483 conexum,
1552 1434 1917 1489 proficiscendum
1950 1447 2051 1477 csse

228 1518 398 1547 censeo.
1367 1547 1369 1550 ,

371 1574 586 1629 Scriptor,
628 1579 677 1617 ut
718 1576 814 1630 περὶ
851 1577 1017 1618 παίδων
1054 1578 1223 1632 ἀγωγῆς
1261 1580 1377 1631 agat,
1421 1577 1505 1619 sibi
1536 1577 1758 1632 proponit.
1799 1576 2051 1631 Dispositio.

225 1646 358 1701 plane
408 1646 603 1688 dilucida
648 1660 741 1688 esse
785 1646 976 1697 videtum
1025 1647 1183 1689 iterum
1228 1651 1362 1702 atque
1406 1649 1580 1702 saepius
1625 1647 1862 1702 diligenter
1902 1647 2050 1690 verbis

227 1718 442 1773 premitur
474 1717 547 1771 (cf.
582 1719 604 1759 1
629 1716 673 1759 A
704 1718 789 1760 ἀπὸ
820 1723 892 1773 τῆς
923 1719 1123 1772 γενέσεως
1154 1720 1376 1772 ἄρξασθαι,
1408 1721 1434 1761 2
1454 1718 1500 1760 A
1530 1721 1624 1774 περὶ
1647 1720 1727 1774 μὲν
1750 1725 1821 1775 τῆς
1847 1721 2049 1774 γενέσεως

227 1795 405 1832 τοσαῦτα
438 1790 627 1844 εἰρήσθω
652 1806 740 1845 μοι,
785 1790 881 1842 περὶ
923 1789 973 1831 δὲ
1000 1795 1070 1844 τῆς
1102 1791 1274 1844 ἀγωγῆς
1316 1792 1386 1832 καὶ
1425 1790 1477 1845 δὴ
1523 1791 1697 1841 λεκτέον,
1742 1792 1768 1832 3
1805 1790 1845 1832 Β
1876 1790 1971 1844 περὶ
2003 1791 2050 1833 δὲ

229 1867 389 1916 τροφῆς
425 1862 629 1916 ἐχόμενον
660 1863 712 1902 ἂν
750 1862 810 1915 εἴη
851 1862 995 1915 λέγειν,
1034 1862 1057 1903 7
1085 1863 1125 1902 A
1156 1846 1355 1915 ἐπανάγω
1387 1862 1466 1916 γὰρ
1497 1862 1605 1916 πρὸς
1634 1862 1708 1916 τὴν
1737 1864 1782 1911 ἐξ
1812 1863 1946 1917 ἀρχῆς
1975 1865 2048 1904 τοῦ

228 1933 355 1987 λόγου
400 1933 614 1984 ὑπόθεσιν,
660 1933 683 1971 7
717 1931 756 1972 Β
796 1933 879 1978 ἕως
917 1934 973 1974 ἔτι
1008 1933 1227 1987 μέμνημαι
1266 1938 1338 1987 τῆς
1372 1934 1575 1984 παιδείας,
1623 1934 1647 1975 8
1675 1932 1715 1974 Β
1746 1933 1817 1975 καὶ
1847 1933 1941 1987 περὶ
1971 1933 2051 1987 μὲν

227 2005 418 2049 παιδείας
444 2005 524 2045 οὒκ
551 2003 631 2045 οἷδ’
660 2004 686 2045 ὅ
710 2019 744 2043 τι
771 2004 834 2044 δεῖ
856 2003 1026 2044 πλείονα
1057 2004 1227 2057 λέγοντα
1254 2004 1488 2057 διατρίβειν,
1521 2005 1546 2045 8
1566 2003 1605 2045 F
1636 2006 1706 2047 καὶ
1736 2009 1861 2047 ταῦτα
1886 2005 1965 2060 μὲν
1995 2005 2048 2060 δὴ

227 2079 286 2129 τῷ
319 2075 432 2129 λόγῳ
462 2075 850 2128 παρεφορτισάμην,
884 2075 934 2115 ἵν’
968 2076 1120 2128 ἑφεξῆς
1150 2076 1220 2116 καὶ
1251 2075 1375 2117 τᾶλλα
1401 2076 1449 2116 τὰ
1474 2076 1656 2130 φέροντα
1681 2076 1790 2129 πρὸς
1813 2076 1887 2131 τὴν
1910 2075 2052 2130 ὀρθὴν

227 2150 315 2188 τῶν
345 2147 456 2188 νέων
487 2146 660 2200 ἀγωγὴν
690 2146 885 2200 συνάψω,
922 2144 976 2187 10
1001 2144 1041 2186 Ε
1067 2146 1161 2199 περὶ
1185 2146 1346 2188 τούτων
1371 2147 1465 2200 γάρ,
1491 2147 1636 2200 ὥσπερ
1662 2147 1894 2202 ὑπεθέμην,
1924 2149 2052 2190 εἰπεῖν

227 2218 388 2269 λοιπόν,
423 2218 474 2259 11
510 2216 552 2257 D
585 2217 642 2258 in.
680 2221 804 2259 ταῦτα
841 2217 919 2272 μὲν
951 2216 1029 2259 οὗν
1060 2249 1068 2258 .
1094 2247 1104 2258 .
1132 2250 1140 2258 .
1170 2218 1266 2270 περὶ
1296 2223 1367 2272 τῆς
1397 2222 1483 2259 τῶν
1511 2219 1678 2260 παίδων
1709 2218 1936 2273 εὐκοσμίας
1967 2249 1977 2260 .
2005 2249 2015 2258 .
2039 2250 2050 2259 .

227 2289 465 2343 διείλεγμαι.
497 2288 592 2341 περὶ
623 2288 669 2330 δὲ
699 2293 772 2330 τοῦ
805 2289 1070 2342 ῥηθήσεσθαι
1100 2289 1322 2342 μέλλοντος
1354 2306 1392 2331 κ.
1417 2305 1450 2330 τ.
1476 2289 1526 2338 λ.,
1559 2289 1613 2330 12
1640 2286 1685 2329 A
1715 2288 1801 2342 ἐγὼ
1833 2289 1873 2331 δ’
1907 2289 2049 2343 ἐπειδὴ

226 2362 323 2413 περὶ
366 2365 437 2414 τῆς
480 2364 565 2403 τῶν
606 2361 775 2402 παίδων
819 2361 1005 2407 εὐταξίας
1045 2361 1193 2414 εἴρηκα
1237 2361 1306 2402 καὶ
1342 2360 1625 2415 κοσμιότητος,
1667 2360 1737 2402 καὶ
1766 2359 1833 2401 ἐπὶ
1862 2359 1936 2414 τὴν
1965 2362 2052 2401 τῶν

226 2433 463 2486 μειρακίων
493 2431 655 2485 ἡλικίαν
686 2432 768 2486 ἤδη
798 2433 1099 2486 μεταβήσομαι,
1138 2432 1191 2472 12
1219 2430 1257 2472 F
1289 2432 1538 2487 ἀνακάμψω
1572 2431 1617 2473 δὲ
1641 2431 1708 2473 ἐπὶ
1738 2431 1812 2486 τὴν
1841 2432 1886 2479 ἐξ
1917 2431 2053 2486 ἀρχῆς

230 2507 303 2544 τοῦ
331 2502 457 2556 λόγου
485 2503 701 2555 ὑπόθεσιν,
731 2503 785 2543 14
805 2501 851 2543 A
875 2504 1036 2558 βραχέα
1064 2503 1109 2544 δὲ
1134 2503 1338 2557 προσθεὶς
1361 2505 1416 2545 ἔτι
1434 2504 1688 2558 περιγράψω
1708 2502 1778 2549 τὰς
1798 2503 2051 2557 ὑποθήκας).

230 2571 654 2614 Animadvertamus
699 2573 959 2627 scriptorem
1005 2574 1130 2616 enixe
1175 2587 1354 2627 operam
1397 2572 1515 2625 dare,
1557 2577 1607 2615 ut
1651 2573 1691 2614 ei
1730 2575 1803 2627 qui
1845 2572 1964 2627 legit,
2004 2586 2050 2615 se

229 2647 397 2685 rectum
430 2644 629 2686 ordinem
661 2644 878 2698 rebusque
913 2649 1065 2698 aptum
1097 2658 1269 2687 servare
1295 2645 1580 2699 persuadeat:
1613 2644 1768 2694 minus,
1793 2647 1844 2686 ut
1866 2643 2052 2698 videtur,

227 2714 343 2766 ideo,
388 2714 506 2768 quod
549 2729 602 2757 ne
647 2715 721 2757 ille
766 2715 933 2757 ordinis
976 2716 1157 2758 notione
1202 2718 1366 2758 amissa
1408 2729 1498 2757 rem
1543 2729 1632 2757 non
1676 2716 1783 2757 satis
1821 2713 2052 2768 intellegat

230 2785 388 2827 anxius
421 2789 498 2837 est,
537 2800 667 2840 quam
698 2790 748 2827 ut
780 2786 864 2828 sibi
894 2787 980 2840 ipsi
1011 2786 1126 2828 viam
1159 2787 1285 2840 quasi
1316 2786 1606 2840 praemuniat.
1644 2786 1714 2828 Ex
1746 2785 1910 2828 eisdem
1940 2784 2051 2827 locis

232 2870 365 2910 quam
402 2856 719 2910 incompositus
759 2871 810 2899 ac
847 2856 1136 2910 perturbat-us
1171 2856 1278 2898 ordo
1319 2857 1388 2908 sit,
1428 2860 1626 2911 apparet,
1666 2870 1796 2911 quem
1830 2856 1926 2910 ipse
1958 2858 2052 2898 tam

232 2941 363 2982 saepe
404 2927 540 2982 digito
581 2931 629 2969 ut
667 2928 730 2970 ita
769 2928 913 2969 dicam
951 2927 1187 2969 ostendens
1218 2927 1401 2969 indicat.
1445 2927 1599 2981 Neque
1636 2941 1736 2970 vero
1776 2925 1954 2969 difficile
1984 2930 2052 2970 est

234 2996 607 3051 dispositionis
641 2999 746 3041 vitia
779 3011 1055 3052 cognoscere.
1086 2998 1161 3040 Ad
1195 3012 1344 3054 quam
1376 2998 1541 3052 ipsam
1567 2997 1936 3040 delineandam
1959 2997 2048 3040 iam

233 3068 557 3121 aggrediamur.
