2138 3438
974 145 1031 150 -..
1095 121 1266 162 84-

209 263 363 302 sectae
395 260 622 314 principis,
658 261 889 315 opiniones
922 275 974 303 ac
1005 265 1245 316 praecepta
1278 263 1455 317 saepius
1485 264 1738 307 adhibuisse
1773 269 1908 320 atque
1940 265 2045 326 lau-7

215 331 342 373 dasse
379 331 558 373 minime
597 335 664 374 est
700 332 967 374 mirandum.
1014 332 1182 375 Tamen
1220 347 1318 375 cum
1358 333 1606 390 Chrysippo
1651 337 1829 379 minime
1866 337 2031 392 ubique

213 403 450 445 consentit:
484 403 590 457 quin
623 403 758 445 etiam
788 417 877 445 uno
909 403 1007 445 loco
1041 406 1082 445 ei
1114 403 1290 446 obstitit
1321 405 1362 459 (I
1394 407 1434 458 3,
1472 407 1525 448 14
1557 408 1677 459 caedi
1706 422 1803 450 vero
1827 410 2034 452 discentis

249 506 258 515 .
285 506 294 515 .
321 475 505 516 minime
535 476 693 527 velim).
728 474 872 530 Quam
905 475 1170 517 sententiam
1197 475 1467 531 Quintiliani
1497 479 1725 533 propriam
1756 493 1847 522 non
1879 493 1974 523 esse
2005 494 2030 522 e

212 544 539 587 Ps.-Plutarchi
569 545 667 588 loco
701 545 921 588 consimili
954 547 979 588 9
999 545 1044 587 A
1077 547 1288 600 sequitur,
1323 547 1376 589 de
1410 562 1495 602 quo
1523 562 1740 592 consensu
1771 550 1904 605 paulo
1930 555 2033 605 post

214 616 434 671 agendum
479 617 573 659 erit.
625 617 854 672 Quatenus
900 616 1090 670 denique
1133 617 1210 660 ille
1250 622 1405 661 auctor
1449 620 1627 675 eiusque
1659 621 1860 664 imitator
1891 622 2030 678 Quin-

210 687 392 730 tilianus
427 687 721 741 Chrysippum
761 688 901 730 secuti
933 688 1031 740 sint,
1072 689 1161 730 iam
1195 703 1342 744 supra,
1381 690 1500 744 quod
1532 691 1710 745 quidem
1746 692 1841 735 fieri
1871 696 2031 748 potest,

212 758 520 801 adumbratum
552 763 634 801 est:
679 762 964 814 praeceptum
995 759 1121 812 illud,
1168 774 1252 815 quo
1286 775 1449 814 eorum,
1490 763 1750 816 quibuscum
1781 765 1904 818 pueri
1934 778 2029 807 ver—

212 835 377 881 santur,
409 843 553 872 mores
587 830 740 885 optimi
774 835 818 872 et
842 845 1015 873 morum
1041 831 1337 874 conformatio
1366 847 1392 874 a
1417 834 1560 888 prima
1587 838 1735 876 aetate
1753 835 2030 878 instituenda

211 903 461 955 exiguntur,
509 902 603 944 sine
636 901 770 944 dubio
817 889 843 944 a
880 901 1131 958 Chrysippo
1177 903 1475 958 copiosissime
1515 909 1753 948 tractatum
1791 910 1858 949 est
1901 909 1946 949 et
1981 907 2030 949 in

209 973 409 1026 eundem,
422 972 685 1026 ubicumque
706 973 825 1027 apud
845 977 1047 1027 posteros
1066 975 1324 1029 invenimus,
1350 975 1499 1030 aliquo
1520 976 1650 1019 modo
1669 977 1764 1019 iure
1784 981 2027 1020 revocatur.

352 1044 521 1098 Magna
546 1058 650 1099 pars
678 1048 1049 1099 argumentorum,
1084 1045 1243 1100 quibus
1270 1050 1513 1089 commotus
1539 1047 1692 1100 multa,
1727 1062 1841 1103 quae
1874 1047 2027 1104 Quin—

209 1114 430 1158 tilianus
457 1115 647 1168 exhibet,
674 1115 791 1158 fonti
812 1116 920 1168 eius,
943 1117 1209 1171 quicumque
1230 1121 1309 1170 est,
1338 1119 1536 1170 attribui,
1564 1119 1718 1161 huius
1746 1121 2028 1174 scriptoris

209 1190 258 1229 et
289 1186 679 1229 Ps.-Plutarchi
712 1201 970 1230 consensu
1007 1188 1178 1240 nititur,
1219 1203 1364 1243 quem,
1397 1191 1608 1244 quoniam
1641 1205 1776 1246 supra
1809 1192 2051 1246 apparuit,

206 1258 368 1301 tacitus
402 1259 653 1313 quaestioni
686 1258 865 1302 subieci.
896 1258 1027 1301 Nunc
1060 1273 1173 1314 quae
1207 1263 1320 1302 ratio
1347 1260 1462 1302 inter
1495 1275 1571 1303 eos
1603 1261 1864 1314 intercedat,
1898 1276 2026 1305 accu-

208 1330 346 1371 ratius
378 1329 691 1384 inquirendum
723 1334 801 1373 est.
833 1329 984 1384 Atque
1012 1330 1152 1372 solam
1184 1345 1329 1373 rerum
1363 1346 1578 1374 summam
1610 1332 1683 1375 hic
1715 1347 1880 1388 ponere
1910 1333 2027 1387 licet,

208 1401 314 1455 quia
345 1401 556 1455 pleraque
587 1401 634 1443 in
665 1401 804 1443 altera
837 1401 1039 1456 opusculi
1071 1406 1198 1457 parte
1233 1402 1438 1445 absoluta
1482 1407 1594 1446 sunt.
1639 1404 1732 1446 Eos
1768 1404 1905 1457 locos,
1950 1406 2025 1460 qui

208 1472 266 1514 ad
288 1471 400 1514 illud
425 1477 710 1526 praeceptum
737 1472 944 1527 amplum,
972 1473 1090 1527 quod
1112 1473 1360 1529 Chrysippo
1388 1478 1614 1529 tamquam
1636 1476 1811 1518 auctori
1835 1477 2024 1519 maximo

207 1543 420 1595 dedimus,
453 1543 686 1598 pertinent,
718 1558 795 1598 per
827 1557 873 1586 se
904 1544 1165 1587 tractandos
1198 1559 1294 1587 esse
1322 1549 1668 1588 consentaneum
1694 1551 1773 1590 est.
1809 1547 1896 1602 Qui
1920 1547 2026 1590 licet

206 1613 338 1669 plane
371 1618 619 1669 congruant
649 1618 694 1657 et
726 1615 846 1669 apud
877 1619 1112 1670 utrumque
1145 1616 1404 1670 scriptorem
1437 1630 1459 1658 e
1491 1616 1730 1673 Chrysippi
1763 1617 1879 1660 libro
1913 1619 2026 1661 sicut

207 1699 259 1727 ex
290 1688 460 1740 origine
491 1686 636 1740 prima
661 1687 898 1729 maximam
924 1690 1095 1741 partem
1125 1686 1318 1729 fortasse
1345 1687 1576 1730 derivandi
1602 1689 1702 1741 sint,
1733 1692 1880 1732 tamen
1904 1689 2024 1733 illius

203 1757 365 1799 librum
395 1758 538 1811 ipsum
569 1757 735 1799 fontem
765 1773 855 1800 non
886 1758 1025 1800 fuisse
1056 1758 1284 1813 probabile
1317 1763 1396 1811 est,
1431 1759 1508 1801 sed
1536 1763 1760 1802 auctorem
1786 1761 2035 1815 quendam,

207 1829 243 1870 si
277 1829 351 1882 qui
384 1832 451 1870 est
483 1843 634 1871 eorum
666 1830 922 1884 communis,
954 1831 1031 1884 qui
1063 1830 1110 1872 in
1142 1844 1195 1872 ea
1225 1844 1273 1872 re
1307 1830 1602 1886 Chrysippum
1634 1835 1810 1874 secutus
1843 1835 1922 1884 est,
1955 1833 2021 1875 ita

204 1913 306 1942 vero
339 1904 514 1942 secutus
547 1904 625 1952 est,
656 1904 706 1942 ut
731 1914 823 1943 rem
850 1901 1141 1956 amplificaret
1172 1905 1216 1943 et
1239 1905 1443 1944 mutaret.
1475 1902 1593 1945 Nam
1620 1917 1768 1945 curam
1794 1904 2020 1956 sermonis,

205 1985 318 2025 quae
356 1972 477 2025 apud
509 1971 835 2027 Quintilianum
879 1974 1074 2015 maxima
1118 1976 1186 2015 est
1215 1987 1359 2027 neque
1393 1987 1419 2015 a
1449 1973 1788 2017 Ps.-Plutarcho
1827 1979 2020 2029 praeter·

202 2043 404 2093 mittitur,
436 2042 683 2098 Chrysippo
717 2043 1045 2086 attribuendam
1076 2058 1166 2087 non
1197 2058 1293 2086 esse
1332 2058 1354 2086 e
1388 2044 1653 2100 Quintiliani
1684 2045 1829 2088 verbis
1859 2046 2019 2101 proba-

203 2113 291 2156 bile
324 2115 464 2156 visum
496 2118 574 2156 est.
620 2113 709 2156 Sed
743 2129 855 2168 quae
889 2119 956 2157 est
988 2115 1262 2169 singularum
1293 2129 1437 2158 rerum
1473 2116 1587 2158 inter
1617 2116 1717 2159 illos
1751 2116 2018 2170 differentia,
2089 2164 2093 2169 ff

202 2198 297 2227 meo
332 2186 511 2240 quidem
540 2185 705 2227 iudicio
741 2200 1013 2228 communem
1046 2200 1196 2228 eorum
1227 2186 1397 2229 fontem
1431 2188 1632 2229 conicere
1664 2191 1872 2230 vetamur.
1916 2188 2020 2232 Non

203 2256 394 2298 alienum
425 2257 598 2299 videtur
629 2257 765 2309 locos,
800 2257 959 2311 quibus
993 2257 1233 2300 similitudo
1267 2257 1418 2312 aliqua
1449 2259 1700 2308 intercedit,
1740 2273 2018 2314 componere:

203 2328 354 2383 Quint.
385 2328 496 2370 Inst.
528 2342 589 2370 or.
621 2328 646 2369 I
681 2329 718 2380 1,
753 2330 779 2370 4
813 2327 866 2370 de
899 2328 1147 2370 nutricibus
1178 2354 1236 2359 —
1268 2328 1481 2372 Ps.-Plut.
1515 2331 1541 2372 3
1561 2329 1619 2381 D,
1654 2330 1805 2385 Quint.
1838 2331 1862 2372 Ι
1890 2332 1927 2383 1,
1964 2334 2018 2374 15

202 2402 244 2440 et
277 2401 331 2440 22
365 2424 422 2430 -
454 2398 668 2442 Ps.-Plut.
707 2401 732 2441 3
754 2399 794 2441 E
827 2402 972 2453 ὥσπερ
1005 2401 1084 2455 γὰρ
1116 2417 1154 2443 κ.
1177 2417 1206 2441 τ.
1228 2401 1280 2450 λ.;
1323 2399 1479 2442 eadem
1510 2413 1581 2441 res
1613 2399 1669 2441 ab
1701 2404 1888 2455 utroque
1918 2416 2016 2456 pro-

200 2470 345 2522 batur,
379 2470 455 2512 sed
487 2471 620 2513 variis
648 2470 858 2525 exemplis
884 2470 1072 2525 (Quint.:
1105 2484 1237 2525 sapor
1263 2474 1307 2512 et
1331 2485 1448 2524 vasa,
1479 2471 1623 2523 lanae,
1654 2471 1883 2515 Ps.-Plut.:
1917 2486 2018 2515 cera

201 2545 246 2582 et
284 2542 483 2595 signum).
532 2541 793 2583 Praeterea:
848 2541 873 2583 I
920 2544 986 2594 10,
1031 2544 1087 2585 32
1140 2542 1192 2584 de
1237 2543 1421 2585 nutricis
1462 2543 1654 2584 carmine
1703 2569 1760 2573 —
1805 2543 2014 2588 Ps.-Plut.

202 2614 227 2654 3
248 2613 286 2654 F
316 2644 324 2653 .
353 2647 359 2654 .
387 2645 395 2654 .
429 2615 486 2668 μὴ
520 2614 616 2660 τοὺς
648 2615 843 2668 τυχόντας
876 2615 1048 2668 μύθους
1080 2631 1117 2656 κ.
1137 2631 1167 2656 τ.
1188 2615 1221 2655 λ.
1230 2631 1240 2665 ;
1273 2628 1539 2668 quamquam
1572 2613 1811 2669 Chrysippi
1841 2630 2016 2658 carmen

201 2683 258 2725 ad
282 2684 506 2736 musicam,
537 2699 626 2726 non
645 2684 821 2726 fabulas
855 2688 1041 2739 spectat,
1075 2699 1211 2739 quare
1245 2686 1516 2739 comparatio
1549 2699 1637 2727 non
1665 2686 1774 2727 satis
1801 2687 2014 2729 convenit.

199 2754 311 2797 Cum
343 2755 611 2797 chironomz'a
655 2755 859 2813 (Quintil.
892 2755 916 2797 I
951 2759 1018 2809 ll,
1052 2758 1124 2810 17)
1170 2756 1359 2810 denique
1399 2756 1613 2798 Ps.-Plut.
1650 2759 1700 2799 11
1724 2756 1760 2799 C
1799 2757 1868 2798 vix
1901 2771 2014 2799 com-

198 2826 347 2879 parari
385 2830 545 2880 potest,
591 2826 666 2868 ubi
709 2828 756 2868 in
797 2827 1054 2882 corporibus
1099 2827 1356 2869 exercendis
1395 2830 1603 2882 εὐρυθμία
1648 2828 1875 2882 expetitur.
1925 2826 2015 2871 Sed

198 2900 472 2939 transeamus
506 2897 562 2939 ad
589 2911 654 2949 ea,
688 2898 733 2939 in
760 2899 919 2952 quibus
953 2898 1255 2954 Quintilianus
1283 2902 1327 2940 et
1346 2898 1706 2941 Ps.-Plutarchus
1734 2892 2023 2942 consentiunt

200 2971 275 3008 aut
314 2967 366 3008 de
398 2968 620 3010 industria
660 2973 813 3011 contra
847 2969 1145 3024 Chrysippum
1182 2970 1350 3025 (Quint.
1382 2969 1408 3011 I
1440 2972 1479 3023 3,
1514 2972 1567 3012 14
1601 2973 1646 3011 et
1676 2969 1889 3013 Ps.-Plut.
1922 2969 2014 3013 9A

199 3037 252 3078 de
288 3039 566 3092 castigando)
600 3044 678 3081 aut
702 3041 779 3092 ita,
812 3044 862 3081 ut
886 3054 955 3082 res
982 3040 1037 3082 ab
1058 3040 1134 3082 illo
1163 3041 1331 3083 alienas
1357 3040 1493 3082 fuisse
1514 3040 1744 3095 probabile
1771 3041 1840 3083 sit.
1874 3041 2013 3096 Quin-

197 3107 378 3149 tilianus
410 3109 434 3149 I
469 3112 505 3162 1,
550 3112 575 3151 4
616 3115 660 3152 et
692 3112 716 3153 8
757 3112 971 3153 sermonis
1015 3112 1238 3153 nutricum
1279 3116 1322 3154 et
1362 3111 1632 3154 servulorum
1678 3125 1826 3153 curam
1861 3111 2010 3163 habet,
