2138 3438
909 139 1204 181 -33—-

292 281 355 324 Ut
395 279 575 323 tandem
618 279 677 322 ad
722 279 1108 322 Ps.-Plutarchum
1148 283 1434 321 revertamur:
1481 293 1534 321 ex
1565 293 1629 332 eo,
1676 280 1791 334 quod
1817 279 1963 334 pueris

153 352 343 407 optimos
356 351 558 395 homines
578 351 759 393 comites
773 351 920 406 exigit,
943 351 1026 393 etsi
1044 350 1155 392 nihil
1171 365 1251 406 pro
1272 354 1391 393 certo
1413 350 1619 392 concludi
1637 355 1795 405 potest,
1813 355 1963 393 tamen

151 437 249 466 eum
281 422 531 466 Stoicorum
563 422 814 477 opinionem
846 422 1044 476 proferre
1074 421 1435 464 verisimillimum
1461 436 1555 464 esse
1581 422 1765 474 videtur,
1797 424 1961 477 quippe

150 494 225 548 qui
255 507 352 536 eam
383 508 477 536 rem
508 497 610 536 ante
656 507 804 535 omnes
847 493 1077 548 permagni
1119 492 1315 546 fecerint,
1347 497 1479 548 atque
1518 493 1629 534 adeo
1661 493 1770 534 nihil
1803 494 1962 547 obstat,

149 565 382 620 quominus
429 565 476 608 id
525 570 806 619 praeceptum
858 565 917 606 ad
960 563 1308 620 Chrysippum
1358 565 1502 618 ipsum
1546 578 1809 606 revocemus.
1873 563 1961 607 Sed

147 636 395 678 accuratius
428 650 540 691 quae
573 636 763 690 scriptor
792 636 1049 690 praecipiat,
1091 636 1400 678 examinemus.
1441 635 1658 687 Postulat,
1690 640 1740 677 ut
1770 636 1960 677 nutrices

147 707 362 762 eligamus
394 710 446 751 οὗ
476 708 549 754 τὰς
577 709 794 763 τυχούσας,
826 709 921 750 ἀλλ’
950 708 1013 754 ὡς
1042 710 1102 750 ἔνι
1132 708 1305 762 μάλιστα
1336 708 1568 754 σπουδαίας
1588 741 1596 748 .
1618 739 1626 748 .
1646 739 1656 748 .
1686 712 1858 761 πρῶτον
1883 708 1960 761 μὲν

146 783 231 826 τοῖς
261 780 407 834 ἤθεσιν
431 779 683 834 ςΕλληνίδας,
713 779 761 820 τὰ
792 780 936 821 παιδία
969 776 1128 819 deinde
1160 778 1251 819 sint
1280 780 1489 832 πρώτιστα
1522 779 1599 832 μὲν
1629 779 1839 820 σπουδαῖα
1864 779 1962 824 τοὺς

147 851 342 904 τρόπους,
372 853 428 892 ἔτι
470 852 608 904 μέντοι
638 848 851 905 Ἑλληνικὰ
897 850 966 892 καὶ
1007 851 1230 903 περίτρανα
1269 850 1403 892 λαλεῖν
1432 862 1540 890 neve
1584 851 1782 904 βάρβαρα
1815 850 1884 891 καὶ
1915 850 1960 891 τὸ

147 922 258 976 ἦθος
300 923 517 976 μοχθηρά,
559 922 605 962 in
651 920 924 975 paedagogis
977 920 1163 974 denique
1221 925 1380 973 monet,
1422 935 1477 961 ne
1529 934 1687 974 pueros
1730 919 1959 962 tradamus

146 993 431 1046 ἀνδραπόδοις
475 996 500 1047 ἢ
543 994 776 1048 βαρβάροις
819 995 845 1047 ἢ
895 992 1181 1047 παλιμβόλοις.
1229 991 1399 1046 Quibus
1442 991 1488 1032 in
1537 990 1682 1033 verbis
1727 990 1839 1032 duae
1888 1005 1959 1033 res

147 1063 562 1105 animadvertendae
602 1067 720 1105 sunt:
763 1077 898 1104 unum
938 1066 1016 1115 est,
1057 1063 1175 1116 quod
1215 1063 1440 1116 scriptoris
1485 1063 1703 1104 sententia
1740 1065 1959 1118 βάρβαρος

146 1137 191 1175 et
230 1136 467 1190 μοχθηρός,
516 1134 750 1188 Ἑλληνικὸς
792 1140 876 1181 τοῖς
918 1135 1063 1189 ἤθεσιν
1112 1137 1156 1175 et-
1202 1135 1430 1180 σπουδαῖος
1479 1133 1697 1175 artissime
1746 1134 1863 1175 inter
1911 1146 1957 1175 se

92 1197 94 1199 ’
145 1204 393 1257 cohaerent,
427 1204 628 1258 alterum,
671 1205 787 1260 quod
833 1205 1010 1246 dicendi
1052 1204 1243 1246 facultas
1286 1205 1373 1245 iam
1417 1204 1559 1258 prima
1590 1207 1736 1246 aetate
1769 1208 1959 1257 curatur,

144 1290 244 1318 cum
268 1275 401 1318 verba
424 1278 648 1330 περίτρανα
673 1277 806 1318 λαλεῖν
832 1275 890 1317 ad
915 1279 1033 1317 recte
1061 1275 1237 1317 dicendi
1260 1290 1387 1316 usum
1409 1279 1618 1329 spectent.
1645 1274 1955 1329 Quaerendum

143 1361 237 1390 esse
267 1347 454 1399 videtur,
487 1346 595 1400 quid
625 1347 708 1388 hoc
739 1346 836 1388 loco
862 1360 945 1388 vox
975 1348 1196 1402 βάρβαρος
1220 1351 1356 1389 sonet.
1388 1345 1525 1388 Cuius
1550 1345 1755 1388 vocabuli
1787 1347 1957 1400 usuml)

144 1432 197 1460 ea
229 1423 386 1469 aetate,
419 1433 552 1473 quam
582 1432 664 1460 nos
697 1417 1050 1471 „hellenistische
1081 1417 1209 1459 Zeit“
1250 1417 1473 1471 appellare
1505 1416 1710 1470 solemus,
1741 1421 1956 1459 mutatum

143 1503 236 1546 esse
268 1493 460 1532 constat:
493 1489 596 1531 inde
629 1493 680 1531 ex
705 1488 784 1531 illo
809 1493 1006 1543 tempore
1031 1502 1119 1531 non
1146 1488 1384 1530 secundum
1410 1489 1624 1531 nascendi
1655 1489 1957 1531 condicionem

143 1560 341 1602 homines
366 1560 734 1612 discribebantur,
770 1560 846 1603 sed
870 1561 917 1602 in
950 1560 1085 1603 animi
1110 1559 1231 1602 cultu
1257 1560 1491 1602 discrimen
1517 1563 1625 1602 erat.
1668 1560 1765 1615 Quo
1791 1559 1956 1601 factum

142 1636 220 1683 est,
267 1635 318 1673 ut
365 1633 584 1687 βάρβαρος
632 1635 810 1673 sonaret
864 1631 1098 1682 ‚,incultus,
1146 1631 1278 1682 rudis,
1327 1631 1528 1672 stultus“.
1590 1631 1732 1686 Quem
1782 1644 1955 1672 sensum

142 1702 464 1745 Eratosthenes
505 1700 679 1744 Stoicus
725 1701 917 1755 explicat
960 1702 1081 1756 apud
1126 1701 1389 1744 Strabonem
1432 1702 1455 1743 I
1489 1703 1556 1752 66,
1599 1701 1676 1743 ubi
1720 1701 1952 1755 improbat,

143 1774 181 1815 si
206 1774 283 1828 qui
314 1773 513 1816 homines
540 1773 585 1814 in
612 1771 810 1815 Graecos
837 1778 880 1815 et
903 1772 1119 1815 barbaros
1147 1773 1347 1814 dividunt
1372 1778 1415 1814 et
1438 1772 1695 1814 Alexandro
1722 1777 1956 1815 suaserunt

140 1851 224 1892 τοῖς
254 1846 332 1899 μὲν
353 1846 544 1899 εἘλλησιν
574 1846 637 1892 ὡς
666 1846 801 1899 φίλοις
832 1846 1026 1899 χρῆσθαι,
1056 1850 1141 1891 τοῖς
1165 1845 1212 1886 δὲ
1241 1846 1477 1900 βαρβάροις
1507 1846 1568 1890 ὡς
1597 1846 1829 1905 πολεμίοις;
1859 1844 1953 1898 ipse

141 1917 301 1972 βέλτιον
339 1917 444 1959 εἶναί
471 1932 598 1971 φησιν
630 1918 754 1970 ἀρετῇ
787 1916 858 1957 καὶ
897 1917 1025 1970 κακίᾳ
1071 1917 1242 1970 διαιρεῖν
1277 1921 1413 1958 ταῦτα.
1444 1916 1626 1962 πολλοὺς
1658 1916 1736 1970 γὰρ
1768 1917 1839 1958 καὶ
1869 1921 1954 1958 τῶν

142 1987 351 2042 Ἑλλήνων
376 1989 476 2030 εἶναι
502 1988 663 2034 κακοὺς
687 1988 757 2029 καὶ
780 1991 867 2029 τῶν
891 1989 1126 2042 βαρβάρων
1144 1989 1338 2034 ἀστείους.
1363 1986 1705 2029 Eratosthenem
1723 1987 1792 2028 his
1812 1986 1953 2028 verbis

141 2058 430 2100 Aristotelem
460 2057 791 2112 reprehendisse
831 2061 1020 2106 constat.
1067 2057 1142 2112 qui
1172 2056 1432 2099 Alexandro
1469 2057 1533 2099 ita
1571 2058 1760 2100 suasisse
1793 2058 1953 2100 dicitur

141 2129 277 2187 (Plut.
303 2129 372 2172 De
397 2128 526 2171 Alex.
545 2128 646 2171 fort.
673 2133 750 2170 aut
774 2143 812 2171 v.
838 2129 863 2170 I
889 2130 927 2180 6,
952 2128 1138 2170 Aristot.
1163 2128 1212 2171 fr.
1239 2143 1280 2182 p.
1308 2131 1364 2171 60
1389 2128 1553 2183 Heitz).
1585 2129 1796 2172 Videmus
1819 2129 1955 2183 igitur

140 2204 256 2243 inter
285 2198 573 2242 Aristotelem
604 2204 648 2242 et
689 2204 890 2254 posteros
920 2200 967 2241 in
1005 2199 1098 2242 eius
1127 2199 1250 2242 verbi
1290 2214 1420 2242 sensu
1451 2199 1714 2252 interfuisse,
1755 2200 1803 2241 id
1835 2201 1953 2254 quod

141 2271 364 2315 nonnullis
395 2271 488 2313 eius
518 2270 628 2313 locis
665 2271 890 2325 probatur,
935 2271 1094 2325 quibus
1126 2285 1223 2313 eum
1266 2270 1478 2313 barbaros
1509 2275 1559 2312 ut
1601 2270 1779 2313 serviles
1812 2276 1855 2313 et
1887 2272 1951 2313 in-

139 2343 323 2386 feriores
373 2342 688 2396 contempsisse
739 2346 925 2397 apparet
972 2344 1039 2396 (ut
1086 2341 1180 2385 Pol.
1223 2342 1299 2383 III
1343 2343 1495 2384 1285a
1546 2343 1602 2384 20
1652 2344 1692 2385 οἱ
1739 2344 1951 2398 βάρβαροι

140 2415 434 2468 δουλικώτεροι
472 2415 520 2456 τὰ
562 2415 650 2469 ἤθη
700 2415 822 2469 φύσει
865 2418 950 2456 τῶν
991 2413 1231 2468 Ἑλλήνων).
1281 2412 1379 2467 Quo
1421 2413 1465 2454 in
1516 2413 1678 2454 iudicio
1729 2413 1950 2468 vulgarem

146 2484 419 2528 Graecorum
459 2484 672 2538 pristinae
717 2485 876 2526 aetatis
920 2484 1173 2538 opinionem
1215 2489 1390 2526 secutus
1431 2488 1498 2526 est
1552 2484 1677 2539 (ibid.
1719 2486 1831 2527 1252
1854 2484 1881 2526 b
1923 2487 1948 2526 9

143 2557 299 2598 12553.
331 2556 402 2606 29,
433 2555 537 2597 Eth.
561 2555 662 2597 Nic.
694 2558 850 2598 1145a
881 2554 972 2612 30).
1003 2555 1132 2597 Duas
1163 2555 1299 2610 igitur
1329 2556 1422 2597 eius
1455 2555 1573 2597 verbi
1606 2555 1948 2609 significationes

143 2639 239 2668 esse
270 2627 486 2680 sequitur:
521 2630 599 2668 aut
626 2625 844 2668 barbarus
874 2627 902 2668 i.
928 2641 965 2669 e.
994 2631 1239 2679 extraneus,
1272 2631 1349 2668 aut
1373 2626 1630 2678 ineruditus,
1658 2627 1843 2680 agrestis.
1871 2631 1947 2668 est.

141 2696 515 2748 Ps.·Plutarchus‚
546 2697 622 2753 qui
653 2699 874 2753 βάρβαρος
903 2702 948 2739 et
978 2697 1212 2753 Ἑλληνικός
1236 2698 1431 2751 opponit,
1466 2697 1610 2751 priore
1637 2711 1767 2739 sensu
1792 2711 1947 2752 nempe

141 2767 298 2822 utitur3
339 2781 442 2809 nam
486 2768 523 2809 si
566 2767 683 2810 solos
726 2782 869 2810 mores
913 2767 1160 2823 significare
1204 2768 1308 2819 vult,
1350 2782 1428 2810 cur
1470 2768 1636 2810 adiciat
1677 2775 1761 2814 τοῖς
1803 2770 1948 2823 ἤθεσιν

135 2839 386 2893 Ἑλληνίδας,
404 2837 480 2879 ubi
498 2838 586 2880 iam
614 2839 789 2892 scripsit
812 2841 985 2893 μάλιστα
1004 2838 1260 2885 σπουδαίαςΡ
1286 2838 1410 2894 Quae
1432 2838 1563 2880 verba
1585 2838 1705 2880 aliud
1727 2839 1946 2892 quoddam

141 2907 226 2950 sibi
255 2907 365 2950 velle
385 2911 569 2962 oportet,
596 2922 695 2951 cum
721 2910 943 2951 addantur
967 2914 1192 2963 tamquam
1213 2909 1383 2963 aliquid
1402 2910 1503 2951 novi
1523 2910 1710 2964 (πρῶτον
1740 2910 1818 2964 μὲν
1839 2941 1847 2950 .
1867 2941 1875 2950 .
1897 2911 1944 2964 .);

140 2993 195 3021 ne
239 2978 528 3021 eruditionem
572 2979 748 3033 quidem
780 2981 1021 3034 exprimere
1052 2984 1247 3034 possunt,
1291 2980 1394 3033 quia
1424 2986 1509 3027 τοῖς
1551 2982 1697 3035 ἤθεσιν
1727 2980 1945 3022 inseritur.

284 3130 313 3177 ¹)
336 3130 392 3166 Cf.
418 3130 527 3176 Ruge
552 3132 590 3165 in
615 3130 954 3176 Pauly-wissowae
981 3131 1134 3177 Encycl.
1162 3132 1251 3167 reali
1276 3131 1318 3166 II
1343 3133 1377 3177 2,
1403 3132 1507 3168 2858.

212 3213 454 3242 Dissertationes
474 3214 552 3248 phil.
567 3214 703 3242 Vindob.
722 3215 790 3241 XII.
1665 3194 1667 3196 -
1803 3203 1824 3238 3
