2138 3438
949 128 1243 167 „58—

184 273 269 311 τῶν
301 270 556 323 ἡττωμένων
587 285 625 310 κ.
657 285 687 310 τ.
714 270 764 316 λ.,
797 282 819 309 e
851 267 1164 322 Xenophontis
1204 267 1483 322 Cyrupaedia
1516 267 1566 310 II
1598 269 1638 320 3,
1672 270 1698 310 2
1730 267 1894 310 hausta
1925 271 2010 322 est,
2053 283 2055 285 ¹

185 339 263 381 sed
293 339 530 393 persimilis
561 338 723 393 legitur
756 339 876 393 apud
907 339 1085 380 Platon.
1118 338 1225 392 Leg.
1261 339 1423 391 626133
1458 343 1502 381 et
1532 339 1735 381 Platonis
1767 339 2008 394 praecipue

184 411 230 452 in
248 413 439 451 mentem
459 410 586 452 nobis
606 410 738 462 venit,
757 424 855 452 cum
875 409 984 451 belli
1005 422 1312 463 armorumque
1332 424 1438 451 usus
1459 412 1645 464 scriptor
1665 413 1836 452 tantam
1852 424 2006 452 curam

186 481 381 523 adhibet.
428 481 554 537 Quae
595 495 702 522 cura
739 495 828 522 non
866 481 1012 522 minus
1051 494 1148 522 cum
1180 481 1553 535 Xenophontis
1585 480 1867 535 opinionibus
1901 495 2002 523 con-

185 552 363 609 gruit1).
409 552 583 596 Nimios
627 553 674 594 in
720 552 978 606 corporibus
1011 552 1265 594 exercendis
1310 551 1488 594 labores
1533 552 1775 594 cavendum
1807 566 1916 605 esse,
1946 566 2002 594 ne
2064 539 2067 542 .

185 623 353 665 animos
398 623 625 666 offendant
669 627 802 677 atque
852 623 1105 671 retundant,
1155 623 1344 677 scriptor
1387 623 1576 666 Platone
1626 627 1806 666 auctore
1854 627 2007 666 monet

184 695 298 748 (Pol.
334 696 417 737 537
434 694 487 746 B,
533 694 586 735 cf.
631 694 688 738 ib.
716 694 872 745 410D,
916 694 1020 748 Leg.
1062 694 1236 750 796D).
1279 693 1525 749 Corporum
1568 694 1839 737 laboriosam
1883 708 2004 736 exer-

185 767 438 808 citationem
470 765 738 807 Aristoteles
772 780 947 820 quoque
974 765 1256 820 reprehendit
1287 765 1402 820 (Pol.
1431 766 1585 808 1336a
1612 768 1705 820 25).
1739 765 2007 809 Venationis

183 852 283 879 vero
316 837 507 885 laudem,
552 851 684 891 quam
729 836 1022 891 Cynegeticus
1065 837 1189 888 liber,
1236 837 1311 891 qui
1355 837 1435 879 sub
1467 837 1783 891 Xenophontis
1826 836 2006 878 nomine

182 908 387 961 traditur,
419 909 629 960 continet,
664 922 920 963 comparare
952 909 1039 950 iam
1065 923 1153 950 non
1186 912 1376 962 oportet:
1407 908 1521 950 inter
1546 908 1738 950 maxima
1765 908 1859 949 eius
1884 907 2004 950 bona

183 984 262 1031 est,
297 979 416 1034 quod
446 981 495 1022 τὰ
521 1013 530 1022 .
556 1013 564 1022 .
593 1014 601 1022 .
632 981 740 1034 πρὸς
769 981 840 1022 τὸν
871 981 1058 1035 πόλεμον
1088 981 1262 1036 μάλιστα
1292 981 1480 1023 παιδεύει
1511 978 1640 1036 (Cyn.
1670 981 1756 1035 12),
1787 983 1837 1021 ut
1868 988 2009 1034 supra

182 1051 432 1094 memoravi.
466 1049 555 1093 Sed
580 1051 627 1093 in
660 1052 856 1106 corporis
889 1051 1206 1093 exercitatione
1239 1051 1404 1093 similes
1437 1051 1666 1105 opiniones
1692 1051 1885 1092 omnium
1910 1049 2006 1092 fere
2073 1096 2075 1099 ,
2123 1096 2126 1099 ⁴

182 1122 603 1179 philosophorum2),
648 1136 877 1177 expressas
922 1137 979 1165 an
1011 1123 1184 1174 tacitas,
1230 1121 1364 1164 fuisse
1400 1121 1536 1164 facile
1566 1121 1853 1176 intellegitur,
1884 1120 2005 1176 quod

181 1199 376 1236 veterum
402 1194 710 1248 philosophiae
737 1194 933 1248 corporis
960 1194 1128 1236 cultum
1154 1193 1286 1248 plane
1312 1193 1542 1248 neglegere
1569 1208 1659 1236 non
1686 1193 1898 1236 convenit.
1930 1193 2001 1235 De

183 1266 345 1308 Stoicis
361 1265 537 1319 quidem
551 1265 806 1307 testimonia
820 1269 1016 1307 exstant:
1037 1264 1242 1307 Clemens
1262 1264 1335 1306 Al.
1349 1264 1485 1307 Paed.
1499 1265 1588 1306 III.
1606 1267 1673 1317 10,
1695 1266 1750 1307 49
1770 1267 2005 1319 μειρακίοις

183 1338 229 1380 δὲ
261 1339 493 1393 γυμνάσιον
524 1338 692 1392 ἀπόχρη
722 1370 729 1378 .
759 1371 765 1378 .
792 1339 864 1379 καὶ
896 1337 975 1392 γὰρ
1009 1339 1077 1379 καὶ
1107 1341 1231 1378 ταῦτα
1253 1368 1262 1377 .
1285 1368 1294 1378 .
1315 1338 1461 1391 ἔχοντά
1492 1354 1526 1379 τι
1550 1339 1759 1391 χρήσιμον
1784 1341 1870 1384 τοῖς
1893 1338 2005 1383 νέοις

181 1410 291 1461 πρὸς
322 1410 490 1462 ὑγίειαν,
521 1409 711 1463 σπουδήν
735 1425 775 1450 τε
802 1409 872 1450 καὶ
903 1411 1135 1463 φιλοτιμίαν
1167 1410 1388 1456 ἑντιθέντα,
1419 1409 1513 1467 οὐχὶ
1544 1410 1702 1456 εὐεξίας
1726 1409 1880 1462 μόνον,
1897 1407 2001 1450 ἀλλὰ

182 1482 252 1522 καὶ
271 1481 478 1535 εὐψυχίας
495 1480 788 1533 ἐπιμελεῖσθαι,
809 1482 832 1521 ὃ
855 1481 905 1534 δὴ
928 1480 1148 1533 γινόμενον
1167 1482 1264 1522 ἄνευ
1280 1484 1356 1530 τοῦ
1376 1478 1461 1521 τῶν
1480 1480 1728 1533 κρειττόνων
1741 1481 1881 1533 ἔργων
1894 1480 2001 1521 ἄπο-

180 1552 367 1593 σπᾶσθαι
379 1553 520 1605 χαρίεν
533 1553 603 1593 καὶ
616 1553 697 1593 οὐκ
717 1552 955 1597 ἀλυσιτελές.
976 1549 1078 1592 Νο11
1094 1553 1161 1592 est
1172 1549 1565 1604 praetermittenda
1584 1549 1788 1592 Platonis
1808 1549 2002 1592 imitatio

182 1622 429 1677 perspicua,
451 1626 500 1663 ut
530 1621 715 1673 videtur,
743 1621 862 1675 quod
889 1621 1085 1676 corporis
1112 1621 1279 1663 cultum
1295 1621 1516 1663 modicum
1538 1621 1682 1663 animo
1704 1635 1878 1675 quoque
1898 1635 2004 1675 pro·
2067 1627 2077 1638 ¹

183 1694 309 1736 desse
332 1693 550 1750 (εὐψυχία)
577 1692 804 1747 probatur.
831 1691 904 1735 Sic
923 1692 1056 1734 Plato
1083 1693 1178 1736 Pol.
1200 1694 1286 1735 410
1306 1692 1349 1734 D
1368 1693 1414 1734 in
1435 1706 1617 1746 corpore
1644 1696 1688 1734 et
1708 1693 1852 1734 animo
1873 1706 2002 1734 exco-

181 1755 313 1807 lendo
335 1764 526 1806 mediam
553 1764 668 1806 viam
694 1765 809 1806 inter
835 1763 920 1807 duo
942 1768 1136 1807 extrema
1155 1764 1338 1806 vitanda
1356 1768 1506 1806 tenere
1528 1763 1677 1806 studet
1695 1765 1907 1819 (ἅγριότης
1931 1764 2002 1807 καὶ

181 1838 412 1891 σκληρότης
456 1840 500 1878 et
544 1837 729 1890 μαλακία
772 1838 842 1879 καὶ
886 1837 1105 1891 ἡμερότης,
1150 1849 1262 1889 quae
1303 1835 1474 1877 scilicet
1503 1836 1550 1877 in
1583 1835 1727 1877 animo
1760 1838 1893 1888 sunt).
1927 1834 2001 1877 Sic

180 1907 505 1949 Ps.-Plutarchi
537 1921 709 1961 quoque
743 1909 905 1956 εὐταξία
937 1911 982 1949 et
1012 1908 1273 1962 σωφροσύνη
1305 1921 1393 1948 11011
1421 1906 1563 1949 solum
1587 1907 1634 1962 in
1659 1907 1855 1960 corporis
1880 1909 2001 1948 recto

181 1983 315 2026 statu,
348 1978 425 2020 sed
456 1979 503 2020 in
535 1979 740 2020 universa
771 1978 944 2020 vivendi
976 1979 1146 2021 ratione
1180 1982 1293 2031 sunt,
1339 1992 1451 2032 quae
1485 1978 1631 2020 animo
1665 1977 1884 2020 definitur.
1929 1977 2000 2020 De

181 2049 369 2092 venandi
400 2049 593 2091 utilitate
627 2064 678 2091 ac
710 2049 795 2092 fine
830 2064 1055 2104 compares
1088 2050 1133 2091 in
1160 2049 1410 2092 Stoicorum
1443 2049 1722 2103 opinionibus
1743 2049 2000 2092 Ciceronem

180 2121 250 2163 De
274 2124 364 2163 nat.
392 2120 508 2162 deor.
529 2121 577 2162 Π
611 2122 678 2174 64,
713 2123 795 2163 161
830 2122 1041 2163 immanes
1071 2125 1111 2162 et
1139 2121 1257 2175 feras
1289 2122 1436 2163 beluas
1467 2121 1763 2163 nanciseimm·
1794 2121 2002 2175 venando,

182 2197 234 2234 ut
260 2227 266 2234 .
388 2206 660 2234 emerceamur
701 2193 753 2235 in
795 2194 990 2234 venando
1033 2194 1091 2234 ad
1137 2193 1476 2234 similitudinem
1515 2192 1684 2234 bellicae
1727 2191 1995 2247 disciplinae.

183 2263 352 2305 Seneca
396 2263 584 2318 denique
630 2263 683 2306 de
727 2267 822 2305 tota
871 2277 917 2305 re
963 2263 1140 2316 copiose
1189 2262 1462 2319 praecipit3),
1509 2277 1776 2316 quamquam
1825 2263 1999 2317 saepius

182 2336 367 2376 nimium
420 2335 616 2390 corporis
668 2335 834 2377 cultum
884 2334 1178 2389 reprehendit,
1235 2348 1366 2388 quam
1416 2333 1574 2375 suadet
1621 2338 1802 2385 rectum,
1860 2338 1905 2375 et
1950 2333 1998 2375 in

184 2406 451 2449 athletarum
496 2406 672 2448 labores
722 2407 901 2448 insanos
953 2406 1183 2457 invehitur,
1236 2405 1396 2459 quibus
1448 2405 1587 2446 omnis
1638 2404 1773 2446 animi
1823 2404 1999 2446 cultura

187 2477 397 2519 deleatur.
432 2479 506 2519 Cui
539 2478 759 2519 consentit
791 2476 1003 2524 Galenus,
1037 2478 1269 2531 Προτρεπτ.
1300 2478 1366 2519 ἐπὶ
1396 2495 1427 2518 τ.
1458 2479 1561 2531 τέχν.
1594 2490 1630 2517 0.
1665 2478 1690 2518 9
1721 2478 1919 2530 σώματος
1949 2476 1992 2517 δ’

181 2551 354 2602 ἄσκησις
394 2550 596 2604 ἀθλητικὴ
642 2551 1012 2605 ἄποτυγχανομένη
1057 2550 1135 2603 μὲν
1183 2551 1379 2603 αἰσχίστη,
1423 2549 1771 2603 ἒπιτυγχανομένη
1818 2548 1863 2588 δὲ
1912 2551 1999 2588 τῶν

330 2690 352 2732 ¹)
380 2690 532 2735 Ioelius,
571 2692 647 2725 Der
679 2691 787 2726 echte
824 2703 860 2726 u.
895 2691 929 2726 d.
956 2702 1040 2725 xen.
1080 2691 1116 2726 S.
1143 2691 1183 2726 ΙΙ
1214 2703 1249 2736 p.
1282 2691 1327 2726 50
1347 2702 1399 2735 sq.
1438 2690 1511 2735 (18,
1548 2690 1608 2736 28)
1645 2693 1746 2725 recte
1785 2690 1998 2734 exposuisse

180 2750 329 2784 videtur
353 2751 450 2784 inter
476 2749 737 2795 Xenophontis
765 2754 801 2785 et
828 2751 1052 2795 Cynicorum
1072 2750 1233 2785 venandi
1253 2749 1418 2785 studium
1445 2770 1488 2775 -
1508 2761 1595 2784 nam
1616 2750 1699 2784 illos
1720 2761 1866 2794 quoque
1886 2761 1996 2784 vena-

180 2810 322 2844 tionem
347 2810 475 2854 magni
501 2809 631 2844 fecisse
671 2813 819 2845 constat
856 2810 917 2854 (cf.
946 2810 1056 2855 Diog.
1083 2810 1125 2845 L.
1154 2809 1211 2845 Vl
1239 2811 1300 2855 31)
1322 2831 1366 2835 -—
1406 2809 1548 2854 aliquid
1574 2808 1799 2853 interfuisse,
1832 2808 1932 2854 quod
1956 2809 1995 2843 hi

181 2880 326 2902 morum
353 2880 442 2903 cura
466 2871 628 2913 permoti
655 2870 802 2904 labores
841 2870 994 2904 tolerari
1020 2870 1112 2904 utile
1139 2869 1353 2912 censebant,
1391 2868 1455 2903 ille
1480 2871 1675 2913 praeterea
1701 2868 1867 2904 bellandi
1892 2880 1995 2903 exer-

182 2927 403 2962 citationem
430 2929 604 2972 respexit.

325 2998 353 3042 2)
380 2998 435 3032 Cf.
463 3002 658 3044 praeterea
695 3001 890 3046 vulgarem
913 3001 1152 3035 sententiam:
1190 2999 1386 3035 Ps.-Isocr.
1426 3000 1535 3046 Πρὸς
1567 3001 1657 3046 Δημ.
1685 3000 1745 3035 18:
1779 3001 1890 3035 ἄσκει
1914 3003 1995 3035 τῶν

180 3058 271 3102 περὶ
299 3057 341 3091 τὸ
369 3063 494 3102 σῶμα,
521 3058 585 3093 sed
611 3071 686 3093 non
710 3060 856 3106 ῥώμης,
883 3060 947 3094 sed
972 3061 1122 3105 ὑγιείας
1148 3070 1269 3094 causa.

324 3127 352 3169 3)
378 3128 431 3162 Ut
456 3128 525 3173 Ep.
553 3130 584 3171 8,
613 3130 651 3172 53
680 3131 736 3173 15,
762 3131 850 3174 4sq.
880 3131 926 3166 al.
