2138 3438
944 126 1238 167 —60-

180 265 310 307 modo
332 265 502 308 Seneca
526 265 596 307 De
621 265 848 319 tranquill.
876 279 943 307 an.
968 266 1035 315 17,
1055 268 1081 307 4
1101 269 1267 308 rectam
1292 254 1476 309 ludendi
1495 253 1767 322 voluptatem
1787 268 1998 312 defendit:

162 351 257 382 *nec
287 337 337 379 in
380 338 522 379 eadem
564 337 808 379 intentione
850 337 1088 392 aequaliter
1127 338 1356 380 retinenda
1401 352 1522 380 mens
1563 343 1637 394 est,
1679 341 1754 382 sed
1794 341 1852 382 ad
1885 341 1998 383 iocos

180 409 422 450 devocanda
450 443 458 451 .
486 441 496 451 .
523 441 532 450 .
566 409 629 464 (6)
662 423 740 451 nec
769 409 828 451 ad
866 408 941 450 lioc
974 411 1098 450 tanta
1140 408 1369 451 hominum
1411 410 1628 465 cupiditas
1665 412 1864 466 tenderet,
1906 411 2000 454 nisi

181 480 430 521 naturalem
473 481 696 533 quandam
734 481 996 534 voluptatem
1046 479 1221 521 haberet
1262 481 1388 522 lusus
1428 481 1645 536 iocusque.
1690 482 1759 524 De
1799 483 2002 525 naturali
2055 510 2058 513 -

180 550 397 605 voluptate
419 550 622 593 conferas
643 551 764 594 Sext.
786 550 952 604 Empir.
974 550 1067 593 adV.
1100 550 1235 592 math.
1268 551 1354 604 XI,
1388 553 1442 594 73
1477 552 1700 600 Παναίτιος
1731 555 1779 596 δέ
1802 570 1888 596 τινα
1919 554 1998 609 μὲν

178 621 274 675 (int.
310 623 470 677 ἡδονήν
501 620 617 677 φησι)
649 622 754 664 κατὰ
786 622 912 676 φύσιν
944 623 1157 677 ὑπάρχειν,
1189 623 1275 665 τινὰ
1317 624 1362 664 δὲ
1392 624 1509 678 παρὰ
1540 625 1676 679 φύσιν.
1739 622 1865 679 Quae
1898 638 1998 667 cum

179 693 243 734 ita
264 693 365 744 sint,
388 692 590 746 equidem
610 692 724 734 tales
752 693 1042 747 cogitationes
1067 693 1266 735 mediae
1286 694 1565 748 potissimum
1585 695 1744 738 Stoae
1765 696 1996 738 convenire

180 763 461 817 crediderim3
497 778 594 805 cum
628 764 799 807 Seneca
832 768 978 806 autem
1010 765 1375 807 Ps.-Plutarchus
1399 765 1502 820 plus
1527 780 1615 807 uno
1648 766 1746 808 loco
1780 767 1995 821 congruit.

177 833 254 876 Ad
299 835 414 876 hunc
448 848 710 877 consensum
756 835 930 877 accedit
974 836 1174 890 scriptor,
1225 850 1354 890 quem
1391 851 1444 878 ex
1484 837 1636 879 eodem
1667 836 1789 879 fonte
1819 837 1997 880 haurire

178 905 308 947 facile
343 897 620 960 comprobari
663 910 824 961 potest,
867 906 1193 962 Quintilianum
1227 908 1336 949 dico.
1370 908 1507 951 Cuius
1541 895 1760 950 sententia
1791 911 1859 950 est
1888 908 1997 952 Inst.

179 992 240 1020 or.
273 977 296 1019 I
323 979 369 1029 -1,
404 980 479 1021 20:
513 978 601 1020 Nec
632 992 729 1020 sum
754 980 856 1020 adeo
887 983 1083 1021 aetatum
1113 980 1386 1034 imprudens,
1417 984 1470 1022 ut
1499 981 1762 1023 instandum
1786 981 1998 1036 protinus
2049 1014 2058 1022 .

179 1049 338 1090 teneris
379 1050 526 1091 acerbe
559 1054 711 1104 putem
754 1050 1091 1105 eoeiyendamque
1116 1051 1250 1105 plane
1272 1065 1482 1106 operam.
1524 1065 1624 1094 nam
1665 1051 1712 1094 id
1747 1052 1799 1093 in
1835 1051 1998 1106 primis

177 1134 322 1162 cavere
364 1121 586 1175 oportebit,
624 1135 678 1163 ne
720 1122 868 1163 studia
899 1123 977 1176 qui
1001 1136 1145 1164 amare
1175 1123 1372 1164 nondum
1397 1126 1550 1178 potest,
1593 1124 1763 1165 oderit.
1791 1155 1800 1164 .
1828 1157 1837 1165 .
1871 1122 1997 1165 lusus

177 1191 248 1233 liic
277 1193 359 1234 sit:
393 1195 429 1234 et
459 1195 633 1248 roqetur
664 1197 703 1235 et
734 1194 937 1235 laudetur
967 1197 1009 1235 et
1043 1207 1285 1249 numquam
1314 1208 1405 1236 non
1435 1195 1585 1249 fecisse
1615 1209 1659 1236 se
1685 1195 1884 1250 9audeat,
1912 1193 2004 1236 ali:

177 1264 352 1318 quando
385 1264 476 1316 ipso
509 1265 678 1306 nolente
709 1265 910 1307 doceatur
939 1266 1070 1319 alius,
1113 1266 1188 1307 cui
1217 1266 1435 1316 invideat,·
1481 1267 1708 1308 contendat
1750 1265 1928 1308 interim
1956 1268 1998 1308 et

177 1335 354 1389 saepius
380 1335 548 1377 vincere
573 1350 617 1377 se
636 1340 762 1390 putet
789 1339 826 1377 ct
845 1337 1060 1391 praemiis
1086 1337 1227 1391 etiam,
1252 1350 1361 1391 quae
1386 1337 1501 1391 capit
1533 1337 1612 1379 illa
1630 1340 1761 1390 aetas,
1786 1339 1992 1379 evocetur.

176 1404 349 1447 Eadem
395 1407 510 1447 enim
555 1406 800 1448 animorum
833 1407 1123 1461 regendorum
1157 1408 1367 1460 subsidia,
1414 1422 1527 1462 quae
1558 1421 1793 1462 puerorum
1826 1406 1994 1462 cupidi-

177 1476 345 1518 tatibus
397 1477 716 1532 affectibusque
767 1482 928 1520 natura
978 1479 1122 1520 insitis
1173 1480 1389 1530 nituntur,
1447 1479 1712 1521 Posidonius
1761 1478 1840 1520 illo
1895 1478 1994 1520 loco

179 1548 468 1600 commendat,
502 1564 587 1604 quo
621 1565 718 1592 eum
751 1551 964 1604 imprimis
996 1550 1280 1592 irrationales
1315 1551 1449 1592 animi
1479 1550 1720 1593 facultates
1753 1564 1862 1592 sana
1893 1563 1995 1592 con-

179 1619 410 1662 suetudine
442 1621 488 1662 in
520 1626 688 1663 rectum
722 1625 884 1663 statum
929 1621 1194 1663 excolendas
1229 1636 1383 1664 curare
1416 1636 1550 1676 supra
1580 1621 1709 1664 nobis
1739 1622 1880 1663 visum
1911 1624 1994 1664 est:

177 1690 348 1733 Seneca
392 1691 461 1733 De
494 1692 542 1736 ir.
575 1693 623 1734 II
655 1694 726 1745 21,
760 1695 785 1735 3
818 1694 1020 1748 adsuryit
1060 1694 1262 1748 spiritus,
1292 1694 1334 1735 si
1365 1694 1587 1748 laudatur,
1624 1697 1664 1736 et
1694 1694 1743 1735 in
1771 1707 1891 1748 spem
1920 1693 1996 1735 sui

176 1762 333 1804 bonam
375 1764 644 1806 adducitur.
672 1796 680 1805 .
709 1796 718 1806 .
752 1765 814 1819 (5)
858 1765 910 1807 in
951 1765 1268 1807 certaminibus
1310 1765 1563 1820 aequalium
1606 1779 1683 1807 nec
1720 1765 1840 1807 vinci
1866 1764 1995 1806 illum

175 1834 416 1889 patiamur,
446 1849 523 1877 nec
552 1836 697 1878 irasci.
724 1837 875 1878 demus
907 1850 1081 1889 operam
1108 1869 1116 1878 .
1144 1871 1151 1878 .
1178 1871 1187 1879 .
1222 1841 1273 1879 ut
1302 1837 1354 1879 in
1385 1837 1619 1879 certamine
1650 1837 1876 1878 adsuescat
1903 1849 1994 1878 non

175 1918 323 1947 nocere
354 1906 469 1959 velle,
511 1907 585 1948 sed
614 1908 790 1950 vincere.
836 1909 1036 1962 quotiens
1082 1909 1360 1963 superaverit
1387 1912 1429 1950 et
1459 1909 1642 1962 diynum
1672 1907 1844 1963 aliquid
1868 1907 1994 1949 laude
2052 1930 2054 1932 v

175 1976 335 2031 fecerit,
352 1978 515 2032 adtolli,
534 1992 624 2020 non
639 1979 796 2033 yestire
810 1980 1051 2034 patiamur.
1088 1979 1354 2034 Quintiliani
1380 1980 1515 2034 igitur
1541 1978 1761 2021 educandi
1793 1978 1994 2021 doctrina

175 2047 259 2088 hac
305 2047 480 2101 quidem
512 2049 557 2090 in
587 2063 635 2090 re
667 2050 838 2092 mediae
872 2050 1007 2093 Stoae
1054 2051 1217 2105 optime
1255 2051 1511 2106 respondet3
1555 2051 1620 2093 ita
1651 2050 1786 2092 alium
1818 2063 1992 2104 quoque

176 2117 335 2170 locum,
363 2119 439 2160 ubi
466 2120 597 2162 simili
623 2121 794 2162 ratione
822 2121 1122 2163 laxamentum
1149 2123 1297 2176 exigit,
1321 2123 1367 2164 in
1393 2122 1579 2165 eundem
1597 2135 1801 2164 revocare
1824 2120 2004 2163 fontem·

175 2203 262 2230 non
309 2194 376 2231 est
420 2190 628 2233 alienum:
672 2192 781 2234 Inst.
829 2206 890 2234 or.
924 2192 947 2234 I
979 2194 1018 2246 3,
1051 2194 1076 2235 8
1121 2194 1267 2236 danda
1308 2197 1372 2236 est
1414 2198 1554 2235 tamen
1597 2194 1801 2235 omnibus
1841 2193 1993 2246 aliqua

175 2262 388 2315 remissio,
419 2276 509 2305 non
539 2264 677 2305 solum
709 2265 816 2318 quia
846 2266 973 2306 nulla
998 2279 1067 2306 res
1097 2269 1173 2319 est,
1205 2278 1315 2319 quae
1338 2266 1535 2320 perferre
1558 2264 1702 2319 possit
1729 2264 1992 2306 continuum

176 2332 356 2374 laborem
398 2337 526 2389 atque
555 2349 605 2376 ea
641 2349 822 2390 quoque,
864 2349 973 2390 quae
1004 2350 1138 2378 sensu
1170 2339 1211 2378 et
1240 2337 1388 2378 animo
1423 2339 1585 2390 carent,
1621 2339 1674 2377 ut
1701 2348 1872 2377 servare
1902 2334 1994 2376 vim

176 2417 304 2446 suam
329 2406 518 2459 possint,
549 2407 666 2448 velut
697 2407 839 2461 quiete
869 2408 1040 2450 alterna
1070 2409 1363 2450 retenduntur
1388 2432 1443 2437 —-
1473 2406 1526 2448 cf.
1553 2405 1766 2449 Ps.-Plut.
1793 2406 1896 2448 ἀλλὰ
1922 2406 1992 2448 καὶ

175 2477 241 2517 ἐπὶ
266 2480 352 2518 τῶν
377 2477 562 2532 ἀψύχων
587 2481 631 2519 et
657 2477 870 2532 exempla,
899 2492 1011 2532 quae
1041 2482 1295 2533 sequuntur.
1332 2478 1525 2521 Deinde:
1556 2479 1630 2520 sed
1654 2478 1768 2533 quod
1796 2477 1991 2519 studium

174 2547 369 2603 discendi
399 2549 626 2602 voluntate,
668 2563 777 2603 quac
808 2550 899 2604 coyi
930 2564 1021 2591 non
1047 2554 1202 2605 potest,
1233 2553 1408 2592 constat.
1442 2550 1595 2605 Itaque
1626 2553 1665 2591 et
1695 2549 1860 2590 virium
1885 2548 1992 2606 plus

173 2618 370 2671 afferunt
392 2619 450 2660 ad
478 2620 727 2662 discendum
758 2622 955 2663 renovati
977 2635 1027 2663 ac
1051 2624 1234 2663 recentes
1259 2625 1300 2663 et
1322 2622 1532 2663 acriorem
1557 2621 1774 2674 animum,
1799 2620 1879 2675 qui
1900 2619 1991 2674 fere

173 2689 500 2731 necessitatibus
531 2695 758 2746 repuynat.
794 2691 888 2747 (10)
919 2692 1008 2734 Nec
1039 2707 1105 2735 me
1137 2693 1368 2747 offenderit
1397 2691 1523 2734 lusus
1553 2692 1603 2734 in
1626 2692 1783 2746 pueris
1814 2705 1849 2732 e.
1884 2704 1924 2744 q.
1957 2705 1990 2734 s,

172 2759 229 2801 In
260 2759 377 2801 ludis
411 2774 509 2803 vero
542 2761 791 2804 iudicandis
824 2776 921 2804 cum
948 2763 1119 2806 Seneca
1150 2762 1282 2818 plane
1314 2763 1549 2805 consentit:
1584 2761 1686 2804 ibid.
1721 2763 1775 2804 10
1807 2776 1908 2804 cum
1938 2762 1990 2804 in

172 2830 249 2872 hoe
272 2845 440 2886 quoque
465 2833 630 2886 (mens)
656 2834 846 2875 maxime
874 2835 1075 2876 naturali
1099 2835 1313 2877 aetatibus
1338 2835 1428 2877 illis
1452 2835 1619 2889 impetu
1649 2835 1795 2877 iaceat.
1817 2833 1991 2888 -Pergit

174 2902 329 2943 deinde
356 2902 449 2958 (11)
474 2906 629 2946 modus
659 2909 805 2947 tamen
829 2906 890 2947 sit
919 2906 1250 2948 remissionibus
1274 2909 1324 2948 ut
1349 2905 1519 2949 Seneca
1549 2905 1620 2947 De
1652 2909 1704 2948 tr.
1737 2918 1807 2947 an.
1842 2906 1911 2957 17,
1945 2905 1985 2947 6.

174 2972 299 3027 Quae
321 2988 418 3015 cum
437 2975 501 3016 ita
527 2975 626 3027 sint,
650 2974 988 3030 Quintiliani,
1017 2977 1259 3029 Senecae,
1285 2976 1677 3019 Ps.-Plutarchi
1698 2990 1984 3031 congruen-

174 3043 297 3085 tiam
330 3058 351 3085 e
384 3045 553 3087 media
586 3046 713 3089 Stoa
758 3047 1098 3090 derivandam
1131 3062 1245 3090 esse
1277 3048 1638 3090 verisimillimum
1670 3052 1748 3101 est,
1779 3049 1824 3090 in
1856 3062 1987 3102 quam

173 3114 389 3156 nonnulla
419 3129 500 3158 nos
534 3121 652 3159 certo
687 3118 922 3170 deducant,
957 3118 1128 3173 reliqua
1161 3120 1323 3174 optime
1355 3119 1583 3174 quadrent.
