2138 3438
922 151 1215 194 -77-

160 295 358 336 tenemus
379 317 434 323 —-
459 306 565 334 num
595 292 732 334 totius
763 290 904 334 libelli
931 295 1132 334 auctores
1159 291 1260 343 sint,
1295 291 1372 332 sed
1398 294 1616 345 quatenus
1642 289 1816 344 singula
1842 304 1977 344 quae·
2023 334 2026 337 Α

161 363 263 406 dam
294 377 347 406 ex
378 376 527 406 eorum
561 362 737 417 scriptis
768 362 930 404 hausta
962 376 1056 405 esse
1087 364 1270 416 possint.
1311 361 1479 403 Tamen
1512 375 1625 415 quae
1662 361 1750 403 iam
1786 361 1979 416 probata

161 438 274 488 sunt,
304 433 487 489 paulum
518 434 920 488 praetermittamus
952 436 1084 488 atque
1116 433 1161 475 in
1194 446 1244 475 eo
1276 432 1553 487 philosopho,
1584 433 1708 474 cuius
1739 431 1842 474 libri
1874 435 1978 474 ante

162 505 309 548 omnia
350 506 465 547 ratio
508 504 716 547 habenda
760 508 838 555 est,
885 503 1179 559 Chrysippum
1223 502 1423 547 Stoicum
1467 503 1580 555 dico,
1639 503 1846 556 quoniam
1883 503 1976 557 Dy-

160 575 325 628 roffius,
361 577 423 619 vir
455 575 751 628 doctissimus,
784 575 859 629 qui
904 575 962 617 ad
1004 574 1315 617 illustrandum
1347 573 1674 616 Ps.-Plutarchi
1716 573 1977 628 opusculum

159 647 351 702 plurima
384 646 583 698 contulit,
624 645 748 688 illum
787 644 936 700 aliquo
970 645 1099 688 modo
1133 649 1356 688 auctorem
1386 645 1523 687 fuisse
1581 645 1784 696 coniecit,
1842 658 1975 698 quae-

161 721 350 761 stionem
381 719 446 760 ita
477 732 710 772 ponamus:
765 721 1011 772 potestne
1057 717 1339 772 Chrysippi
1396 716 1531 759 liber
1579 715 1976 759 Ps.-Plutarchi

159 788 282 832 fons
315 791 459 833 esse?
494 788 610 845 Quia
643 789 698 831 de
735 789 819 831 hoc
862 788 974 831 libro
1013 802 1237 843 perpauca
1279 788 1407 830 nobis
1449 788 1701 839 traduntur,
1744 787 1979 842 fingendus

160 874 303 914 paene
330 864 397 903 est
426 861 505 911 ita,
535 864 597 911 ut,
629 873 931 914 quaecumque
963 859 1253 914 philosophus
1280 858 1457 902 Stoicus
1489 859 1543 901 de
1576 873 1629 901 ea
1658 873 1704 901 re
1737 873 1866 913 agere
1896 872 1978 912 po-

162 932 248 973 tuit
279 935 323 974 et
353 931 518 983 debuit,
550 931 874 986 investigemus.
905 928 1037 984 Quod
1068 930 1105 972 si
1136 929 1303 972 factum
1343 930 1438 982 erit,
1482 944 1570 972 non
1613 930 1743 972 modo
1783 929 1837 971 de
1882 928 1975 980 illo,

161 1002 239 1045 sed
270 1003 404 1045 etiam
436 1002 490 1045 de
523 1002 722 1058 quolibet
764 1002 852 1044 alio
898 1005 1078 1043 auctore
1111 1000 1261 1044 Stoico
1305 1015 1468 1056 magna
1510 1015 1564 1042 ex
1606 1004 1732 1055 parte
1777 1000 1979 1055 quaestio

158 1088 249 1116 una
282 1073 541 1116 absolvetur.
573 1073 778 1125 Etiamsi,
805 1077 855 1115 ut
880 1072 985 1125 dixi,
1018 1072 1076 1114 de
1110 1072 1392 1127 Chrysippi
1434 1071 1570 1114 libro
1614 1086 1760 1126 pauca
1802 1072 1976 1122 scimus,

158 1149 307 1187 tamen
334 1159 463 1199 quae
495 1144 684 1186 scimus
711 1144 842 1185 satis
872 1142 1065 1195 valent,
1097 1147 1154 1184 ut
1179 1143 1417 1198 Dyroffii
1445 1143 1804 1185 coniecturam
1827 1142 1976 1195 talem,

160 1216 334 1270 qualem
358 1215 432 1258 ille
459 1215 524 1257 vir
550 1215 707 1257 doctus
731 1214 956 1269 professus
984 1218 1061 1266 est,
1086 1214 1433 1268 repudiemus.
1463 1213 1598 1257 Cuius
1619 1218 1977 1269 argumentorum

160 1287 417 1341 gravissima
446 1300 551 1341 pars
583 1288 631 1327 in
662 1285 772 1327 10018
798 1289 879 1337 est,
912 1285 987 1339 qui
1013 1285 1132 1339 apud
1159 1284 1484 1340 Quintilianum
1517 1284 1764 1340 Chrysippo
1797 1285 1979 1340 dantur;

159 1357 214 1400 de
246 1357 403 1413 quibus
433 1361 590 1412 postea
622 1370 753 1411 agere
787 1355 934 1398 statui.
965 1356 1098 1398 Nunc
1131 1356 1420 1407 conferamus,
1462 1370 1576 1410 quae
1621 1356 1675 1398 de
1711 1356 1829 1398 illius
1861 1355 1978 1398 libro

160 1429 416 1483 ceteroquin
459 1428 698 1470 traduntur
741 1441 942 1482 quaeque
987 1427 1227 1469 secundum
1272 1428 1368 1469 eius
1412 1427 1657 1469 doctrinam
1697 1431 1740 1469 et
1782 1427 1976 1469 animum

160 1503 477 1554 exspectamus.
507 1499 564 1541 In
594 1498 740 1541 forma
770 1497 874 1540 libri
914 1497 1221 1551 cognoscenda
1253 1498 1520 1540 Plutarchus
1564 1512 1645 1540 nos
1690 1498 1881 1550 adiuvat,
1913 1502 1978 1540 De

161 1569 294 1613 Stoic.
325 1584 414 1625 rep.
452 1570 616 1613 1035ss
651 1570 937 1624 (Χρύσιππος)
965 1601 975 1611 .
1002 1603 1010 1610 .
1032 1602 1042 1612 .
1066 1571 1213 1612 τοῦτόν
1244 1586 1288 1624 γε
1319 1570 1390 1611 τὸν
1422 1570 1560 1623 λόγον,
1593 1571 1642 1611 ὃν
1673 1571 1844 1624 ἔσχατόν
1875 1586 1978 1624 φησι

161 1643 245 1684 δεῖν
274 1643 498 1689 τάττεσθαι,
528 1642 623 1695 περὶ
654 1642 785 1692 θεῶν,
817 1642 905 1682 ἔθει
947 1643 1159 1694 προτάττει
1202 1641 1273 1682 καὶ
1309 1641 1582 1695 προεκτίθησι
1623 1641 1777 1686 παντὸς
1820 1642 1978 1695 ἠθικοῦ

159 1715 394 1768 ζητήματος
413 1745 421 1754 .
442 1714 538 1755 οὔτε
563 1713 643 1767 γὰρ
667 1713 762 1765 περὶ
786 1712 916 1754 τελῶν
943 1744 952 1752 .
980 1744 988 1753 .
1017 1745 1026 1753 .
1053 1713 1148 1754 οὔτε
1179 1713 1273 1766 περὶ
1298 1714 1438 1766 γάμου
1464 1712 1534 1753 καὶ
1558 1713 1861 1766 παιδοτροφίας
1895 1745 1903 1752 .
1931 1746 1939 1754 .
1965 1743 1974 1753 .

159 1787 345 1839 φαίνεται
381 1785 427 1826 τὸ
466 1785 673 1837 παράπαν
715 1784 1020 1838 φθεγγόμενος,
1065 1785 1102 1825 εἰ
1141 1784 1200 1837 μὴ
1229 1816 1238 1824 .
1266 1816 1275 1824 .
1302 1815 1312 1824 .
1349 1784 1609 1837 προγράψειε
1650 1784 1721 1825 τὸν
1763 1783 1854 1833 Δία,
1902 1783 1979 1836 τὴν

155 1855 438 1911 Εἱμαρμένην,
469 1855 544 1909 τὴν
572 1854 800 1908 Πρόνοιαν,
832 1854 875 1896 τὸ
901 1855 1147 1908 συνέχεσθαι
1178 1859 1256 1908 μιᾷ
1287 1855 1460 1908 δυνάμει
1490 1854 1560 1895 τὸν
1592 1854 1754 1908 κόσμον
1778 1855 1850 1895 ἕνα
1876 1855 1979 1896 ὄντα

159 1928 228 1969 καὶ
270 1927 609 1981 πεπερασμένον;
653 1929 894 1978 sequuntur
937 1924 1074 1978 ipsius
1118 1924 1264 1975 verba,
1311 1924 1470 1978 quibus
1514 1938 1685 1978 semper
1716 1924 1977 1966 ordiendum

159 2010 254 2039 esse
287 1997 351 2039 ait
381 1997 466 2039 ἀπὸ
484 2002 556 2052 τῆς
589 2002 732 2051 κοινῆς
762 1997 934 2051 φύσεως
959 1997 1029 2038 καὶ
1053 1996 1137 2038 ἀπὸ
1162 2001 1234 2050 τῆς
1258 2000 1330 2037 τοῦ
1357 1996 1521 2050 κόσμου
1547 1997 1805 2050 διοικήσεως.
1838 1995 1975 2050 Chry-

159 2068 311 2122 sippus
342 2067 476 2122 igitur
507 2066 815 2109 educationem
845 2069 998 2121 utpote
1026 2065 1334 2120 philosophiae
1360 2065 1541 2108 moralis
1565 2071 1738 2121 partem
1768 2080 1974 2120 magnam

159 2153 259 2181 cum
288 2141 385 2181 tota
417 2138 617 2181 doctrina
649 2138 892 2180 coniunxit:
926 2138 1052 2179 initio
1084 2136 1187 2179 libri
1219 2151 1319 2179 eum
1352 2137 1405 2179 de
1437 2137 1615 2189 mundo,
1655 2138 1751 2189 deo,
1784 2137 1979 2179 hominis-

159 2215 333 2259 natura,
363 2210 526 2252 virtute
557 2210 697 2264 egisse
730 2209 962 2252 verisimile
994 2212 1074 2251 est.
1106 2209 1226 2252 Nam
1258 2209 1361 2250 licet
1384 2209 1614 2261 Plutarchi
1646 2208 1778 2251 verba
1809 2209 1981 2250 invidia

159 2285 292 2324 aucta
322 2283 422 2332 sint,
451 2280 564 2323 illud
594 2280 772 2335 quidem
805 2280 982 2322 credere
1013 2280 1189 2322 minime
1221 2279 1399 2322 difficile
1426 2283 1503 2322 est.
1534 2279 1708 2322 Deinde
1732 2279 1807 2321 ille
1833 2279 1977 2333 philo-

158 2353 321 2407 sophus
353 2353 501 2395 omnia
532 2355 773 2406 praecepta
804 2365 961 2406 nempe
993 2365 1016 2393 e
1049 2349 1299 2393 Stoicorum
1332 2351 1536 2393 doctrina
1569 2351 1804 2402 derivavit3
1838 2364 1978 2404 quare

159 2438 269 2479 opus
300 2424 394 2466 eius
426 2424 518 2465 sine
550 2423 685 2465 dubio
716 2422 854 2465 multo
888 2422 1076 2476 amplius
1108 2423 1430 2477 copiosiusque,
1462 2422 1599 2464 multo
1633 2422 1805 2464 doctius
1838 2422 1974 2464 ratio-

157 2495 291 2549 nique
323 2495 469 2549 aptius
495 2498 593 2536 erat
617 2508 750 2548 quam
776 2493 848 2535 hic
873 2493 1049 2536 libellus
1080 2493 1318 2548 ineptulus.
1351 2494 1421 2535 Ex
1447 2492 1715 2548 Quintiliani
1739 2492 1836 2535 loco
1862 2493 1975 2534 Inst.

160 2579 221 2608 or.
262 2565 287 2607 1
331 2566 371 2617 l,
413 2567 468 2607 16
512 2565 840 2620 (Chrysippus.
866 2596 876 2606 .
908 2565 1111 2619 quamvis
1153 2565 1403 2607 nutricibus
1447 2565 1690 2606 triennium
1731 2563 1975 2619 dederit..)

160 2639 346 2691 apparet
374 2635 499 2678 illum
537 2650 752 2678 annorum
783 2636 929 2690 spatia
961 2639 1081 2677 certa
1112 2635 1392 2689 praecepisse
1439 2638 1483 2677 et
1515 2635 1707 2685 omnino,
1752 2638 1801 2676 ut
1833 2635 1972 2689 suspi-

159 2707 251 2748 cari
280 2705 400 2758 licet,
434 2706 492 2748 ad
523 2706 731 2748 certiores
764 2706 1081 2760 distinctasque
1112 2720 1291 2748 normas
1324 2706 1472 2748 omnia
1496 2705 1730 2760 redegisse.
1760 2704 1826 2747 At
1856 2708 1973 2747 enim

159 2776 254 2819 fieri
301 2777 460 2831 potuit,
509 2781 559 2819 ut
606 2777 967 2819 Ps.·Plutarchus
1008 2776 1239 2830 Chrysippi
1288 2775 1449 2818 librum
1498 2776 1563 2818 ita
1613 2779 1875 2830 excerperet,
1923 2780 1977 2817 ut.

158 2847 310 2898 multa,
343 2850 444 2889 ante
477 2847 624 2889 omnia
654 2847 975 2901 disputationes
1007 2846 1313 2902 philosophiae
1358 2846 1567 2889 sublimes
1600 2847 1832 2898 omitteret,
1864 2861 1974 2888 non-

158 2917 283 2961 nulla
314 2922 468 2972 sponte
501 2922 692 2960 mutaret
722 2919 1040 2972 insereretque:
1076 2918 1152 2959 sed
1177 2918 1215 2959 si
1246 2918 1310 2960 ita
1336 2931 1578 2968 censemus,
1611 2917 1831 2972 quomodo
1865 2918 1975 2960 ordo

158 2989 443 3044 perturbatus
475 2992 520 3030 et
548 3002 618 3030 res
649 2989 890 3043 permixtae
922 2988 1229 3042 explicantur?
1263 2988 1403 3044 Quem
1436 2989 1695 3042 scriptorem
1725 2992 1818 3030 tam
1850 2988 1974 3043 inep-

158 3065 266 3110 tum,
284 3074 413 3114 quem
446 3059 631 3113 denique
658 3063 750 3102 tam
772 3059 1020 3102 dementem
1045 3059 1300 3111 habeamus,
1329 3063 1377 3101 ut
1396 3060 1487 3101 sine
1509 3058 1601 3100 ulla
1621 3073 1756 3101 causa
1774 3059 1970 3102 ordinem

160 3129 422 3173 rationalem
454 3134 499 3172 et
529 3130 809 3172 tractationis
841 3133 1091 3173 contextum
1135 3129 1376 3184 deperdat?
1418 3130 1657 3172 Praeterea
1699 3135 1790 3172 tam
1833 3130 1975 3172 multa
