2138 3438
949 779 1098 838 Pars
1141 782 1237 838 IV.

534 915 629 988 De
685 914 1018 1005 scriptore
1073 914 1357 1005 eiusque
1411 919 1651 989 aetate.

323 1096 378 1138 In
399 1095 540 1138 altera
558 1095 691 1137 huius
724 1094 925 1150 opusculi
956 1098 1083 1150 parte
1103 1094 1428 1138 Ps-Plutarchi
1459 1094 1656 1139 libellum
1677 1110 1699 1139 e
1719 1094 1998 1150 philosopiae

182 1181 356 1222 genere,
378 1167 495 1222 quod
517 1166 670 1209 dicunt
683 1167 951 1219 eclecticum,
973 1182 1058 1222 quo
1079 1167 1380 1222 Peripatetica
1405 1171 1449 1210 et
1470 1166 1624 1211 Stoica
1652 1168 2001 1216 commiscentur,

183 1244 325 1282 ortum
363 1233 458 1282 esse
498 1240 716 1294 apparuit.
767 1238 974 1291 Accedit,
1021 1239 1140 1294 quod
1178 1240 1223 1281 in
1261 1238 1425 1282 Stoicis
1462 1253 1793 1294 nonnumquam
1828 1238 2000 1298 mediae

183 1310 318 1354 Stoae
345 1311 533 1366 vestigia
559 1309 847 1366 apparebant,
881 1311 1005 1353 cuius
1031 1310 1185 1353 eadem
1216 1311 1330 1353 ratio
1365 1310 1574 1354 eclectica
1606 1311 1709 1364 fuit,
1739 1325 1853 1366 quae
1872 1324 2000 1366 prae-

183 1383 308 1437 cipue
335 1383 645 1437 Peripateticis
672 1397 718 1424 se
743 1382 1104 1425 accommodavit.
1137 1383 1286 1438 Quare
1314 1383 1486 1425 sirecte
1515 1382 1830 1434 concludimus,
1857 1381 1999 1438 philo-

184 1454 366 1509 sophiae
399 1468 550 1510 genus,
598 1455 667 1496 cui
699 1453 874 1496 libellus
905 1454 1157 1509 respondet,
1186 1458 1303 1509 -post
1332 1454 1521 1497 mediam
1555 1453 1710 1497 Stoam
1747 1453 2000 1508 ponendum

183 1526 310 1580 eique
344 1526 480 1568 aetati
513 1525 843 1568 attribuendum
875 1529 952 1578 est,
998 1540 1086 1580 qua
1124 1525 1380 1568 eclectica
1412 1525 1828 1580 philosophandi
1859 1525 1998 1567 ratio

182 1597 369 1641 valebat.
403 1596 542 1640 Cuius
564 1598 599 1639 si
624 1598 814 1652 spatium
835 1597 1077 1649 definimus,
1096 1601 1145 1639 ut
1163 1596 1376 1639 latissime
1398 1597 1768 1650 circumscribam,
1802 1597 1888 1639 tria
1906 1595 1999 1639 fere

183 1669 361 1711 saecula
394 1673 560 1723 patent,
605 1669 791 1724 primum
824 1673 927 1711 ante
961 1668 1061 1712 Chr.
1093 1683 1135 1711 n.
1169 1668 1393 1711 saeculum
1432 1672 1476 1711 et
1506 1669 1694 1724 primum
1726 1668 1999 1723 alterumque

182 1745 283 1796 post
316 1740 418 1783 Chr.
453 1742 540 1794 n.¹)
573 1740 627 1782 In
649 1741 810 1783 certius
832 1740 1056 1795 quoddam
1088 1744 1260 1795 tempus
1292 1740 1404 1783 illud
1435 1740 1742 1796 philosophiae
1775 1754 1910 1795 genus
1930 1739 2000 1782 vix

180 1813 378 1855 revocari
410 1825 538 1867 posse
559 1811 743 1855 videtur.
776 1811 841 1855 At
860 1811 1184 1855 Ps.-Plutarchi
1202 1811 1498 1867 philosophia,
1531 1826 1642 1867 quae
1664 1812 1894 1866 opiniones
1911 1811 2000 1853 iam

182 1883 313 1938 plane
366 1883 570 1927 confusas
621 1883 844 1938 praebeat,
896 1883 1082 1926 sortasse
1134 1884 1179 1925 in
1229 1886 1448 1938 posterius
1497 1883 1704 1939 ponenda
1754 1887 1832 1926 est.
1882 1883 1999 1926 Nam

184 1970 279 1998 cum
318 1970 467 1998 eorum
505 1954 867 2010 philosophorum
906 1956 1078 1997 ratione
1110 1956 1254 1998 minus
1294 1955 1486 1998 conferri
1517 1959 1675 2010 potest,
1718 1956 1793 2010 qui
1825 1958 1903 1997 aut
1945 1954 2000 1996 de

183 2027 402 2070 industria
439 2027 573 2069 rebus
612 2041 633 2069 e
672 2027 806 2068 variis
845 2026 1058 2069 doctrinis
1098 2028 1319 2082 congestis
1363 2041 1521 2069 novam
1553 2027 1776 2081 quandam
1807 2025 1999 2081 philoso-

183 2100 333 2154 phiam
364 2098 560 2141 formant
593 2102 670 2140 aut
702 2098 969 2140 diversarum
991 2102 1208 2141 sectarum
1229 2098 1395 2153 placita
1423 2098 1575 2141 eadem
1595 2112 1688 2141 esse
1716 2097 1999 2153 comprobare

183 2171 375 2223 student,
416 2170 493 2212 sed
525 2170 571 2212 in
604 2168 715 2212 illud
753 2173 926 2224 tempus
959 2169 1316 2212 descendendum
1349 2174 1428 2222 est,
1475 2185 1561 2224 quo
1594 2170 1761 2225 placita
1792 2170 1880 2212 iam
1911 2183 1999 2212 non

184 2241 436 2298 cclegenda‚
469 2242 546 2284 sed
579 2242 672 2284 sine
703 2240 797 2284 ulla
829 2240 1112 2283 distinctione
1146 2242 1382 2284 coniuncta
1413 2245 1456 2283 et
1486 2242 1624 2284 mixta
1657 2245 1795 2284 erant.
1831 2241 1905 2284 Ita
1935 2240 1999 2283 fa-

185 2313 344 2356 cillime
388 2313 631 2368 explicatur
674 2312 1057 2355 Ps.-Plutarchum
1099 2327 1190 2355 non
1235 2326 1280 2355 se
1325 2312 1502 2354 scholae
1552 2312 1633 2355 ulli
1683 2312 1901 2365 dedicare,
1950 2315 2000 2354 ut

183 2385 382 2440 plerique
402 2386 494 2428 eius
516 2385 676 2428 aetatis
695 2384 960 2439 philosophi,
995 2384 1193 2439 quamvis
1214 2383 1413 2426 eclectici
1433 2387 1592 2436 essent,
1617 2383 1762 2426 facere
1782 2383 1999 2436 solebant,

185 2457 262 2499 sed
307 2456 616 2512 philosophiae
661 2456 746 2511 ipsi
777 2456 952 2498 studere
996 2459 1040 2498 et
1079 2455 1212 2498 simili
1253 2455 1384 2498 modo
1416 2454 1703 2498 iudicandum
1735 2469 1830 2498 esse
1863 2459 1997 2510 atque

184 2528 430 2589 Lucianum
461 2528 530 2571 vel
550 2529 742 2570 Dionem
763 2527 1123 2583 Ohrysostomum
1143 2526 1210 2569 vel
1232 2524 1463 2581 Galerium,
1495 2527 1619 2569 cuius
1646 2526 1999 2582 philosophiae2)

184 2601 361 2655 propior
389 2604 454 2642 est
481 2614 612 2655 quam
632 2600 801 2643 ceteris.
844 2599 897 2641 In
931 2599 1116 2642 eandem
1147 2598 1237 2641 fere
1271 2602 1476 2654 aetatem,
1507 2598 1553 2640 in
1585 2612 1718 2653 quam
1749 2612 1879 2650 nunc,
1911 2598 1999 2640 iam

185 2686 318 2726 supra
364 2671 451 2714 alio
492 2675 750 2726 argumento
791 2671 971 2714 deducti
1010 2685 1174 2713 sumus:
1220 2670 1449 2725 scriptoris
1487 2669 1770 2724 philosophia
1807 2668 1914 2712 solis
1952 2670 1998 2712 in

184 2743 376 2785 moribus
409 2748 489 2795 est,
537 2743 593 2786 cf.
625 2744 764 2798 partis
796 2743 841 2784 II
874 2757 910 2785 c.
933 2744 971 2787 8.
1014 2742 1278 2785 Adiciamus
1311 2756 1364 2784 ea
1397 2755 1585 2796 quoque,
1626 2755 1738 2796 quae
1777 2741 1822 2784 in
1854 2729 1998 2796 capite

184 2815 374 2857 oratorio
406 2815 529 2869 (ibid.
565 2829 599 2858 6.
633 2817 675 2869 7)
707 2815 953 2870 posteriora
984 2818 1182 2869 tempora
1212 2813 1408 2856 indicare
1439 2812 1655 2856 videntur.

329 2885 478 2929 Aliam
523 2886 770 2941 indagandi
814 2901 968 2929 ansam
1007 2885 1223 2942 praebent
1252 2885 1351 2938 loci,
1391 2885 1551 2939 quibus
1585 2885 1772 2940 script-or
1805 2884 1911 2940 quid
1944 2883 1999 2928 de

184 2957 363 3011 reliquis
397 2957 671 3012 philosophis
705 2959 879 3011 sentiat,
914 2958 1116 3013 exprimit
1142 2962 1185 3000 et
1205 2956 1317 3001 alios
1336 2957 1492 2999 laudat
1517 2956 1584 2999 vel
1605 2957 1814 2999 imitatur.
1849 2955 1999 3010 Atque

330 3087 353 3132 ἱ)
381 3087 438 3121 (Ὺ.
464 3087 597 3131 Zeller,
625 3086 719 3122 Phil.
747 3088 781 3123 (1.
811 3088 873 3123 Gr.
903 3086 966 3128 ΠΙ
996 3089 1055 3133 12,
1080 3100 1114 3133 p.
1129 3088 1198 3123 482
1214 3101 1269 3133 sq.

328 3147 355 3191 2)
381 3158 415 3182 ν.
444 3146 576 3191 Ζ61161·,
604 3147 626 3181 1.
650 3147 671 3182 l.
693 3159 727 3191 p.
744 3148 811 3183 735
841 3148 1152 3190 „Eklektizismus
1180 3148 1244 3182 auf
1268 3147 1576 3193 peripatetischer
1602 3147 1853 3191 G1·u11dlage.“
