2138 3438
917 116 1210 157 -9—

156 255 226 298 De
258 269 440 310 corpore
469 255 720 308 formando,
755 270 866 310 quae
898 270 968 298 res
993 256 1065 298 hic
1092 270 1265 310 quoque
1292 270 1390 298 cum
1415 258 1655 299 nutritione
1683 257 1977 312 coniungitur,

156 341 379 383 perpauca
409 326 614 382 legimus:
653 329 799 382 ὥσπερ
831 330 909 383 γὰρ
941 330 990 370 τὰ
1020 330 1125 384 μέλη
1157 333 1230 372 τοῦ
1262 330 1463 383 σώματος
1493 330 1624 376 εὐθὺς
1656 331 1741 372 ἀπὸ
1773 332 1974 384 γενέσεως

156 400 340 442 πλάττειν
362 430 372 441 .
394 430 403 440 .
427 430 437 440 .
469 400 696 454 ἀναγκαῖόν
721 402 824 442 ἐστιν
850 418 889 442 κ.
914 418 945 442 τ.
971 401 1019 451 λ.,
1053 399 1131 442 sed
1162 399 1359 454 legimus.
1400 398 1448 442 Si
1475 401 1632 454 capitis
1659 401 1684 441 3
1708 399 1843 443 o—E*
1870 415 1974 443 con-

157 469 447 512 tinuationem
480 470 796 522 examinamus,
830 484 900 512 res
933 470 1120 512 alteram
1152 484 1204 512 ex
1237 469 1379 512 altera
1404 474 1521 512 recte
1547 471 1738 525 pendere
1767 476 1971 526 apparet:

158 546 320 584 matres
338 540 503 583 liberos
522 541 723 584 nutriant
741 541 876 596 ipsae,
897 542 935 584 si
954 556 1054 584 vero
1077 542 1285 593 nutrices
1311 555 1443 596 quam
1464 542 1669 596 optimae,
1691 543 1810 596 quod
1830 543 1972 597 prima

158 616 280 655 aetas
298 613 485 655 maxime
505 613 704 655 curanda
730 618 809 665 est,
836 613 911 655 ubi
937 614 1209 656 consuetudo
1236 613 1474 668 plurimum
1494 613 1651 656 valeat.
1684 614 1832 669 Quare
1854 615 1972 668 quod

157 698 292 738 supra
323 685 544 739 apparuit,
575 684 883 739 corrigendum
915 689 998 727 est:
1030 690 1165 739 caput
1196 687 1221 727 2
1241 683 1376 728 A—3
1396 684 1436 726 B
1469 683 1559 727 alio
1591 685 1689 727 loco
1722 685 1976 739 ponendum

71 778 79 786 ι
155 754 292 797 fuisse
323 754 509 808 videtur,
542 756 751 810 quoniam
778 756 1109 798 consuetudinis
1133 756 1221 798 vim
1249 756 1470 811 explanat.
1503 754 1592 798 Sed
1619 756 1882 811 quicumque
1910 760 1976 799 est

160 826 264 869 ordo
305 827 467 869 rationi
506 831 654 882 aptus:
699 827 736 869 si
770 828 868 882 quis
906 827 958 869 de
992 841 1069 869 suo
1101 831 1278 880 tractat,
1320 832 1594 882 argumenta,
1638 842 1750 881 quae
1789 827 1845 869 ad
1883 841 1975 869 rem

158 897 354 952 aliquam
385 897 772 941 demonstrandam
804 898 1027 941 destinata
1052 903 1165 950 sunt,
1196 898 1259 940 ibi
1290 899 1427 953 ponit,
1459 898 1533 940 ubi
1557 898 1618 949 id,
1650 898 1768 953 quod
1795 898 1971 941 demon-

158 970 387 1012 strandum
419 973 496 1023 est,
528 969 792 1023 explicatum
825 970 975 1023 itaque
1010 969 1063 1012 de
1089 970 1262 1011 virtutis
1297 969 1631 1012 condicionibus
1657 969 1813 1026 (φύσις,
1838 971 1975 1025 λόγος,

158 1042 278 1096 ἔθος)
315 1044 359 1082 et
396 1040 727 1083 consuetudinis
766 1041 807 1083 vi
838 1055 927 1083 non
954 1045 1055 1083 ante
1082 1041 1368 1083 nutritionem
1395 1041 1593 1083 disseret.
1627 1040 1752 1096 Quae
1784 1055 1973 1096 sequun-

157 1116 230 1153 tur
263 1114 306 1165 (3
326 1112 455 1154 E-—5
476 1111 546 1168 O),
579 1112 671 1154 sine
700 1111 939 1154 offensione
967 1113 1294 1166 continuantur,
1327 1113 1474 1154 omnia
1499 1111 1592 1154 fere
1620 1112 1677 1154 ad
1702 1126 1845 1154 mores
1872 1126 1973 1155 con-

158 1183 389 1225 suetudine
412 1187 555 1225 rectos
582 1182 838 1225 efficiendos
865 1186 1079 1237 spectant.
1114 1183 1230 1225 Nam
1258 1183 1311 1225 de
1332 1184 1536 1236 omnium,
1563 1183 1823 1237 quibuscum
1851 1183 1975 1237 pueri

159 1258 273 1305 sunt,
305 1253 498 1297 moribus
518 1253 672 1296 eodem
692 1254 823 1296 modo
851 1254 1009 1308 agitur,
1043 1254 1097 1296 de
1123 1253 1383 1309 paedagogo
1409 1254 1540 1309 paulo
1567 1254 1718 1306 fusius,
1753 1255 1973 1308 quoniam,

158 1329 207 1367 ut
224 1325 384 1368 iterum
404 1325 715 1379 comprobatur
730 1328 774 1380 (5
795 1324 973 1379 A—B),
997 1325 1085 1367 vita
1111 1326 1260 1368 virtuti
1288 1325 1439 1368 dedita
1464 1326 1549 1367 nisi
1574 1330 1694 1368 recta
1714 1326 1976 1368 educatione

158 1395 272 1439 effici
302 1410 393 1439 non
417 1399 575 1450 potest.
613 1396 890 1438 Eruditionis
916 1396 1048 1438 laude
1076 1397 1120 1453 (5
1144 1396 1268 1440 O—6
1288 1396 1352 1454 A)
1391 1398 1567 1439 tertiam
1593 1397 1716 1439 illam
1745 1411 1875 1452 quam
1910 1397 1973 1439 di-

108 1498 112 1503 ·
158 1468 411 1523 scripsimus
430 1471 601 1522 partem
620 1468 723 1509 iniri
743 1467 897 1510 elucet.
923 1468 1074 1522 Atque
1101 1468 1172 1509 hic
1194 1482 1425 1522 corporum
1447 1468 1820 1520 exercitationem,
1845 1482 1975 1523 quam

157 1538 418 1581 Aristotelis
462 1539 661 1593 exemplo
707 1539 890 1581 adducti
933 1540 1126 1594 priorem
1159 1540 1395 1593 posuimus,
1439 1539 1575 1582 multo
1610 1544 1710 1593 post
1750 1541 1794 1593 (8
1817 1539 1978 1593 C—D)

160 1611 284 1665 sequi
308 1609 441 1652 facile
467 1610 576 1652 ferri
601 1614 760 1665 potest.
792 1609 858 1652 At
881 1611 928 1652 in
955 1610 1152 1652 discendi
1184 1610 1462 1653 institutione
1495 1609 1759 1665 explicanda
1789 1611 1977 1664 primam

160 1682 442 1723 scientiarum
463 1682 711 1735 artiumque
733 1681 1065 1735 dispositionem
1085 1682 1428 1735 exspectaveris:
1457 1686 1699 1735 sequuntur
1727 1682 1779 1723 de
1800 1681 1979 1723 dicendi

160 1767 242 1794 usu
273 1756 513 1807 praecepta
546 1754 590 1807 (6
613 1752 741 1794 Α-7
765 1752 835 1809 C).
888 1753 940 1794 Id
974 1752 1143 1794 scilicet
1185 1759 1255 1808 τῆς
1298 1754 1570 1808 ἀδιαφθόρου
1606 1755 1676 1795 καὶ
1713 1754 1981 1807 ὑγιαινούσης

159 1826 347 1871 παιδείας
377 1828 512 1878 caput
542 1824 749 1879 princeps
782 1828 860 1874 est,
895 1823 1026 1878 quod,
1061 1823 1098 1865 si
1127 1823 1233 1865 ordo
1261 1823 1494 1865 rationalis
1522 1827 1647 1874 esset,
1679 1823 1882 1865 ultimum
1908 1837 1977 1865 ex-

161 1899 407 1950 poneretur.
438 1895 677 1937 Praeterea
709 1909 761 1936 ea
793 1894 971 1937 dicendi
1004 1898 1246 1949 praecepta
1277 1909 1331 1936 ne
1364 1895 1461 1948 ipsa
1488 1895 1666 1949 quidem
1693 1909 1780 1949 qua
1806 1895 1977 1936 ratione

148 1966 334 2021 «digesta
365 1966 657 2020 proferantur,
689 1965 888 2020 intellegi
920 1969 1085 2019 potest3
1118 1966 1407 2020 repudiantur
1437 1968 1716 2022 πανηγυρικοὶ
1745 1967 1874 2020 λόγοι,
1912 1980 1979 2007 re·

161 2043 360 2079 movetur
390 2051 416 2078 a
448 2037 638 2091 pueritia
668 2051 805 2092 genus
839 2036 1015 2079 dicendi
1041 2037 1159 2090 quod
1186 2036 1346 2080 dicitur
1371 2036 1678 2091 extemporale,
1709 2037 1979 2091 praecipitur

161 2108 354 2150 medium
387 2108 563 2150 dicendi
595 2121 733 2162 genus
766 2110 918 2163 inepta
949 2108 1257 2150 coniunctione
1286 2108 1610 2163 agglutinatum
1637 2134 1693 2139 ——
1719 2123 1823 2150 nam
1849 2108 1983 2150 verba

165 2180 188 2221 7
210 2179 255 2221 A
287 2182 431 2233 ὥσπερ
461 2182 598 2223 τοίνον
635 2181 854 2234 (ἐπανάγω
894 2181 972 2234 γὰρ
1009 2181 1116 2233 πρὸς
1147 2180 1220 2234 τὴν
1251 2182 1296 2229 ἐξ
1327 2183 1461 2235 ἀρχῆς
1491 2185 1564 2223 τοῦ
1597 2181 1723 2235 λόγου
1756 2181 1977 2233 ὑπόθεσιν)

163 2268 202 2295 κ.
226 2269 260 2294 τ.
285 2253 319 2294 λ.
351 2250 409 2292 ad
440 2251 613 2292 initium
643 2250 772 2293 huius
799 2251 956 2304 capitis
982 2250 1138 2292 referri
1163 2252 1234 2292 vix
1260 2255 1456 2305 possunt.
1489 2249 1614 2305 Quae
1641 2250 1799 2293 deinde
1827 2250 1978 2305 depin-

165 2323 282 2376 gitur
311 2326 434 2364 recta
465 2323 649 2369 ὂιάθεσις
686 2328 758 2377 τῆς
788 2328 939 2377 ψυχῆς,
984 2321 1031 2363 in
1064 2323 1310 2376 praeceptis
1343 2322 1574 2364 rhetoricis
1618 2336 1706 2364 non
1738 2323 1846 2364 satis
1879 2325 1982 2375 apte

163 2393 311 2448 posita
342 2407 434 2435 esse
466 2392 653 2448 videtur;
688 2394 757 2435 cui
789 2394 1006 2449 μονῳδίας
1035 2392 1301 2447 improbatio
1333 2407 1423 2435 non
1454 2394 1594 2446 magis
1627 2397 1729 2447 apte
1762 2393 1985 2435 adseritur

165 2490 221 2496 —
254 2464 331 2507 sed
351 2478 607 2506 excusemus
627 2465 897 2518 scriptorem,
925 2478 1023 2506 cum
1042 2465 1138 2518 ipse
1158 2478 1204 2506 se
1222 2464 1307 2506 hoc
1329 2468 1611 2518 praeceptum
1638 2468 1762 2506 extra
1782 2464 1980 2506 ordinem

165 2535 328 2578 addere
360 2535 574 2578 concedat
606 2534 834 2592 (βούλομαι
861 2537 900 2577 δ’
923 2537 1006 2582 ἕως
1031 2537 1085 2578 ἔτι
1116 2538 1333 2590 μέμνημαι
1364 2542 1434 2591 τῆς
1465 2537 1654 2582 παιδείας
1685 2554 1723 2578 κ.
1743 2553 1774 2577 τ.
1797 2537 1830 2578 λ.
1865 2537 1887 2578 7
1910 2535 1983 2588 Β).

167 2606 379 2661 Sequenti
422 2606 596 2648 demum
642 2607 786 2661 capite
825 2607 867 2659 (7
893 2606 1053 2660 C—D)
1093 2606 1149 2648 ad
1193 2608 1389 2662 ἐγκύκλια
1421 2609 1683 2661 παιδεύματα
1721 2607 1882 2649 transit
1913 2606 1983 2648 vel

166 2678 311 2732 potius
342 2678 652 2732 praetermittit
683 2682 726 2719 et
758 2677 815 2719 ad
840 2677 1146 2731 philosophiae
1172 2677 1498 2719 institutionem
1523 2678 1679 2732 pergit.
1712 2677 1767 2719 In
1793 2678 1980 2719 vitarum

168 2749 471 2791 aestimatione
492 2748 537 2805 (8
558 2747 718 2802 A—B)
744 2762 798 2790 ne
820 2747 1106 2801 offendamus,
1138 2763 1416 2803 quamquam,
1447 2750 1484 2790 si
1511 2763 1608 2791 cum
1633 2753 1728 2791 tota
1755 2748 1811 2790 ad
1838 2748 1977 2802 philo·

168 2819 369 2874 sophiam
400 2819 704 2862 cohortatione
731 2824 830 2873 post
855 2819 1161 2861 educationem
1186 2820 1328 2874 ipsam
1354 2819 1525 2861 finitam
1551 2824 1819 2873 sequeretur,
1850 2833 1982 2861 nemo

169 2903 300 2943 aegre
330 2889 476 2932 ferret.
519 2891 624 2934 Non
657 2891 772 2932 enim
806 2891 912 2932 satis
945 2891 1208 2932 concinnum
1241 2895 1306 2933 est
1338 2904 1425 2941 eos,
1470 2890 1544 2945 qui
1582 2891 1671 2932 iam
1717 2890 1774 2932 ad
1807 2890 1982 2932 vivendi

169 2976 305 3016 genus
336 2961 586 3015 eligendum
618 2963 839 3015 progressi
872 2965 984 3013 sunt,
1015 2961 1074 3003 ad
1105 2975 1338 3016 corporum
1365 2962 1723 3003 exercitationem
1754 2961 1799 3017 (8
1822 2960 1979 3016 O—D)

170 3035 214 3074 et
242 3035 408 3074 rectam
441 3032 685 3086 castigandi
716 3032 931 3074 rationem
958 3033 998 3087 (9
1021 3031 1085 3090 A)
1110 3033 1284 3075 retrahi.
1318 3031 1435 3087 Quid
1461 3045 1563 3074 vero
1589 3031 1876 3073 iudicandum
1901 3035 1980 3083 est,

171 3103 207 3145 si
239 3103 430 3157 scriptor
460 3104 485 3145 8
505 3102 545 3144 Β
578 3117 623 3145 se
655 3103 765 3145 nihil
796 3103 883 3145 iam
917 3103 1038 3157 quod
1069 3103 1266 3158 proferat
1296 3103 1457 3146 habere
1491 3102 1723 3145 confirmat
1761 3106 1804 3144 et
1835 3102 1984 3144 verbis
