2138 3438
155 287 394 332 liberorum
423 290 612 344 primum
644 289 836 331 officium
880 293 947 332 est
976 288 1235 344 parentibus
1265 291 1435 344 gratias
1467 303 1597 344 agere
1629 304 1792 345 eosque
1824 292 1971 334 amare

157 365 288 415 atque
316 360 458 403 colere
483 360 644 415 (Plato,
675 359 770 402 Pol.
803 362 888 403 425
903 359 960 414 A,
986 359 1216 402 Iamblich.
1248 360 1318 402 De
1343 375 1380 402 v,
1406 361 1535 414 Pyth.
1567 375 1600 403 c.
1627 363 1684 415 8).
1709 361 1972 417 Audiamus,

155 446 268 486 quas
298 431 482 475 virtutes
514 432 748 474 Musonius
779 431 967 473 formare
998 431 1120 474 velit:
1153 430 1277 474 Stob.
1309 431 1406 474 Ecl.
1439 431 1499 484 II,
1525 447 1566 486 p.
1594 433 1693 485 238,
1726 434 1782 476 26
1796 433 1869 476 W.
1901 435 1972 477 καὶ

154 505 420 558 ἀρξαμένους
450 503 536 546 ἀπὸ
568 505 732 558 νηπίων
763 503 894 550 εὐθὺς
937 504 1154 546 διδακτέον
1178 536 1187 544 .
1214 534 1224 544 .
1250 536 1259 545 .
1284 501 1368 559 (ita
1407 502 1619 560 efficitur)
1662 506 1863 559 φρόνησις
1888 538 1899 547 .
1926 542 1933 549 .
1961 539 1970 548 .

153 575 236 616 εἶτα
280 575 327 616 δὲ
368 576 617 630 ἒμποιητέον
660 575 770 617 αἰδῶ
796 607 804 615 .
831 607 838 615 .
868 606 877 615 .
919 576 1192 630 σωφροσύνη,
1236 573 1397 616 deinde
1434 606 1444 616 .
1472 606 1481 616 .
1506 575 1704 618 ἕθισθέον
1749 579 1971 631 ἀνέχεσθαι

152 646 287 688 πόνον
313 677 322 686 .
348 678 357 686 .
385 678 393 687 .
419 646 479 700 μὴ
501 647 726 700 φοβεῖσθαι
744 646 930 687 θάνατον
949 678 959 687 .
984 678 992 686 .
1021 681 1029 688 .
1054 647 1114 700 μὴ
1139 647 1435 688 ταπεινοῦσθαι
1458 646 1567 700 πρὸς
1590 648 1816 702 συμφορὰν
1839 650 1970 702 μηδε-

151 718 255 771 μίαν
285 718 491 772 (ἀνδρεία)
520 748 530 758 .
558 750 567 757 .
594 717 848 771 δικαιοσύνη.
880 715 967 759 Vel
999 715 1274 758 conferamus
1298 716 1496 771 Epicteti
1527 715 1783 771 diligentem
1809 732 1973 770 curam,

154 801 243 841 qua
293 801 443 829 omnes
498 787 673 829 vivendi
723 786 1004 829 condiciones
1063 787 1308 829 formantur
1355 790 1399 829 et
1454 788 1607 829 virtuti
1657 790 1970 844 sanctitatique

155 857 427 912 adaptantur
456 858 529 914 (cf.
562 857 816 909 Bonhoffer‚
859 857 916 899 D.
956 857 1106 900 Ethik.
1150 857 1192 899 d.
1246 857 1443 900 Stoikers
1485 858 1668 913 Epiktet
1710 875 1750 914 p.
1784 862 1839 903 60
1873 861 1969 917 sq).

152 927 279 970 Idem
310 929 482 971 etiamsi
513 933 558 971 et
588 930 682 983 ipse
713 927 1038 983 philosophiam
1067 929 1242 970 virtutis
1274 929 1467 971 studium
1499 943 1594 972 esse
1626 935 1787 982 censet,
1833 934 1971 974 artem

153 998 343 1055 logicam
374 1004 419 1042 et
449 1000 727 1042 dialecticam
759 1013 849 1041 non
880 999 1012 1054 plane
1046 1003 1321 1054 aspernatur.

297 1070 386 1114 Sed
423 1072 512 1113 iam
545 1071 603 1113 ad
633 1072 896 1126 posteriores
929 1069 1102 1113 Stoicos
1134 1071 1305 1126 delapsi
1342 1086 1504 1124 sumus,
1551 1072 1604 1114 de
1637 1072 1797 1127 quibus
1827 1073 1964 1128 paulo

152 1146 256 1197 post
288 1143 506 1197 agendum
537 1142 637 1195 erit3
681 1156 799 1185 nunc
832 1141 890 1184 ad
922 1141 1220 1196 Chrysippum
1252 1147 1533 1194 revertamur,
1566 1143 1619 1185 de
1654 1158 1741 1198 quo
1774 1145 1967 1187 iudicari

150 1217 272 1255 recte
302 1227 393 1257 non
423 1217 581 1268 potest,
623 1214 710 1255 nisi
743 1217 998 1268 sequentem
1042 1214 1344 1268 quaestionem
1385 1213 1669 1256 absolvimus:
1717 1230 1970 1269 quaenam

151 1285 290 1326 ratio
335 1284 620 1327 intercedit
668 1285 810 1327 inter
852 1283 1001 1326 illum
1042 1284 1412 1339 philosophum
1456 1289 1506 1326 et
1549 1285 1970 1341 Quintilianum?

151 1354 278 1410 Quae
309 1369 379 1398 res
412 1355 558 1398 adhuc
588 1356 653 1398 ita
683 1355 773 1398 fere
807 1355 1149 1398 diiudicabatur:
1194 1354 1532 1410 Quintilianum,
1567 1357 1642 1411 qui
1676 1357 1970 1412 Chrysippum

150 1428 197 1470 in
227 1426 369 1482 primo
400 1426 514 1469 libro
547 1427 781 1482 quinquies
812 1426 978 1479 laudet,
1010 1426 1130 1469 illius
1159 1427 1323 1469 librum
1350 1427 1404 1469 de
1430 1427 1659 1470 educando
1681 1430 1969 1483 compositum

149 1499 213 1541 ἰη-
229 1498 492 1540 educatione
522 1498 760 1540 tractanda
791 1497 956 1540 fontem
982 1498 1294 1551 adhibuisse1).
1328 1497 1706 1553 Quaesententia
1740 1515 1766 1541 a
1798 1500 1970 1543 duobus

153 1569 407 1612 auctoribus
434 1570 645 1624 imprimis
672 1569 938 1612 defenditur:
971 1569 1218 1623 Dyroffium
1244 1569 1343 1611 dico
1370 1573 1415 1611 et
1435 1568 1804 1623 Gudemanum2).
1832 1570 1970 1626 Quin-

151 1640 334 1682 tilianus
366 1640 661 1694 Chrysippum
691 1641 867 1682 nomine
901 1640 1019 1682 dicto
1050 1640 1206 1682 laudat
1236 1640 1305 1682 his
1337 1639 1467 1683 locis:
1501 1640 1526 1682 Ι
1561 1643 1599 1692 1,
1630 1643 1657 1683 4
1689 1646 1789 1683 ante
1819 1643 1970 1684 omnia

152 1726 208 1754 ne
236 1713 298 1754 sit
325 1713 511 1754 vitiosus
541 1726 680 1754 sermo
711 1712 982 1763 nutricibus;
1022 1726 1144 1766 quas,
1175 1713 1216 1753 si
1247 1712 1354 1766 fieri
1378 1715 1536 1766 posset,
1572 1713 1790 1767 sapientes
1827 1713 1967 1768 Chry-

150 1783 308 1838 sippus
332 1783 508 1838 optavit,
537 1786 646 1825 certe
669 1786 888 1837 quantam
913 1796 981 1823 res
1000 1785 1239 1836 pateretur,
1269 1783 1457 1837 optimas
1482 1782 1583 1837 eliqi
1608 1784 1767 1834 voluit;
1803 1783 1827 1825 Ι
1849 1785 1888 1835 1,
1913 1785 1966 1826 16

151 1855 309 1896 melius
339 1858 498 1907 antem,
529 1855 609 1908 qui
638 1853 815 1895 nullum
846 1857 1016 1907 tempus
1047 1867 1197 1895 vacare
1229 1867 1336 1894 cara
1366 1853 1530 1907 volant,
1561 1857 1614 1895 ‘at
1642 1854 1769 1905 (stzr.‚·
1802 1854 1828 1895 I
1848 1856 1888 1907 3,
1911 1856 1966 1897 14

149 1926 270 1967 caedi
299 1939 397 1967 vero
428 1926 644 1979 discentis,
681 1924 919 1979 quamlibet
954 1928 995 1965 et
1029 1927 1246 1979 receptam
1284 1925 1345 1965 sit
1380 1928 1422 1966 et
1455 1924 1735 1980 Chrysippus
1764 1940 1853 1967 non
1884 1927 1965 1968 im-

149 1997 309 2051 probet,
338 1997 523 2038 minime
547 1996 698 2046 velim;
732 1995 756 2037 I
783 1997 852 2046 10,
879 1996 935 2037 32
967 1994 1069 2037 Chr.
1103 1995 1234 2036 etiam
1259 1996 1486 2037 natricum
1504 1996 1586 2050 illi,
1611 2011 1718 2050 quae
1737 1997 1970 2039 adhibetur

149 2067 402 2122 infantibus
432 2067 722 2121 adlectationi,
752 2080 883 2108 suam
914 2067 1127 2121 quoddam
1157 2080 1332 2108 carmen
1362 2067 1587 2120 adsiqnat;
1626 2067 1651 2108 Ι
1684 2069 1753 2118 11,
1790 2069 1843 2110 17
1877 2069 1966 2110 chi-

149 2139 351 2180 ronomia
378 2137 624 2193 Chrysippo
653 2138 705 2179 in
723 2138 966 2192 praeceptis
998 2138 1048 2179 de
1075 2137 1309 2179 liberorum
1334 2138 1583 2180 educatione
1608 2140 1851 2193 compositis
1875 2154 1966 2181 non

150 2214 317 2251 omissa.
350 2207 521 2263 Quibus
554 2222 606 2250 ex
636 2207 749 2250 locis
781 2208 956 2249 maximi
986 2209 1194 2250 momenti
1225 2211 1339 2262 sunt,
1374 2209 1449 2262 qui
1480 2222 1568 2250 non
1601 2223 1678 2262 per
1704 2223 1750 2251 se
1776 2209 1965 2251 iudicari

149 2284 347 2334 possunt,
378 2279 458 2322 sed
489 2280 535 2321 in
565 2293 715 2321 eorum
746 2282 1079 2333 praeceptorum
1106 2277 1372 2333 Quintiliani
1402 2292 1582 2320 numero
1610 2284 1723 2333 sunt,
1757 2294 1869 2334 quae
1902 2281 1966 2322 ita

148 2349 380 2405 complecti
422 2350 540 2393 licet:
594 2365 691 2392 cum
734 2349 970 2392 infantium
1021 2353 1143 2391 aetas
1185 2354 1338 2392 tenera
1381 2350 1439 2391 sit
1483 2365 1533 2392 ac
1570 2350 1699 2393 facile
1737 2351 1963 2403 formetur,

150 2423 432 2477 assignentur
474 2422 538 2464 eis
581 2421 723 2463 bonae
767 2422 1077 2475 sapientesque
1121 2422 1328 2474 nutrices,
1376 2422 1515 2476 pueri,
1559 2422 1863 2476 paedagogffl)
1909 2436 1963 2464 ne

146 2493 299 2545 multa,
343 2494 606 2547 quicumque
651 2494 769 2534 circa
812 2506 970 2547 pueros
1016 2496 1132 2543 sunt,
1177 2493 1383 2534 virtutem
1421 2492 1627 2535 habeant.
1678 2492 1826 2548 Quare
1858 2495 1965 2536 veri-

150 2563 291 2607 simile
321 2564 495 2606 videtur
520 2578 586 2619 ea,
618 2577 732 2618 quae
759 2562 1062 2618 Quintilianus
1095 2562 1148 2605 de
1173 2563 1259 2605 hac
1282 2577 1330 2605 re
1355 2567 1535 2614 tractat,
1569 2563 1813 2619 Chrysippo
1842 2565 1963 2606 attri-

302 2705 331 2748 ¹)
357 2705 414 2741 Cf.
441 2705 677 2749 Schanzium,
698 2705 831 2741 Gesch.
851 2705 888 2740 d.
906 2706 999 2741 rom.
1025 2704 1230 2750 Literatur,
1249 2717 1282 2740 v.
1300 2704 1344 2739 ΙΙ
1363 2704 1384 2739 2
1399 2704 1413 2726 ²
1431 2706 1555 2748 (1901)
1573 2717 1607 2750 p.
1623 2706 1703 2742 357.

291 2775 320 2820 ²)
344 2776 497 2811 Tacitus
525 2777 673 2822 Dialog.
702 2778 807 2821 1894,
832 2777 981 2822 Proleg.
1007 2788 1043 2821 p.
1059 2775 1197 2811 XCIX.
1223 2776 1328 2811 Nihil
1355 2777 1393 2810 in
1412 2776 1482 2810 hac
1509 2778 1726 2821 quaestione
1753 2777 1852 2812 effici
1871 2781 1963 2823 puto

148 2834 200 2870 H.
225 2833 539 2870 Raubenheimeri
564 2835 828 2871 dissertatione
858 2836 1119 2878 Quintilianus
1150 2847 1240 2879 quae
1272 2835 1394 2870 debere
1418 2835 1584 2870 videatur
1611 2836 1747 2870 Stoicis
1772 2837 1963 2881 populari-

149 2893 292 2938 busque,
318 2893 385 2938 qui
407 2894 593 2938 dicuntur,
614 2895 844 2941 philosophis
868 2895 1136 2940 (wirceburgi,
1163 2895 1282 2939 1911),
1309 2895 1372 2939 qui
1398 2895 1482 2929 illos
1507 2895 1607 2929 viros
1627 2895 1759 2930 doctos
1778 2896 1888 2940 plane
1909 2908 1962 2931 se-

150 2953 278 2997 quitur
302 2954 351 2997 (p.
370 2953 538 2997 49—63).

293 3021 322 3067 ³)
348 3022 467 3067 Quem
494 3023 676 3068 ordinem,
709 3025 796 3068 quia
821 3024 920 3069 apud
946 3024 1222 3069 Quintilianum
1249 3028 1286 3059 et
1312 3023 1635 3059 Ps.-P1utarchum
1663 3025 1761 3060 idem
1789 3027 1856 3069 est,
1889 3026 1961 3070 Dy-

149 3080 279 3116 roffius
304 3084 356 3125 (p.
375 3081 461 3122 247)
481 3084 743 3127 argumentum
770 3083 955 3127 opinionis
981 3095 1068 3118 suae
1090 3095 1167 3118 esse
1187 3086 1315 3128 putat3
1342 3080 1520 3127 equidem
1533 3095 1617 3117 eum
1638 3085 1675 3117 in
1694 3095 1734 3118 re
1751 3084 1830 3129 ipsa
1848 3085 1961 3120 situm

149 3143 344 3186 praeterea
366 3139 548 3174 librorum
574 3139 620 3174 de
646 3139 867 3176 educatione
891 3142 1113 3186 scriptorum
1141 3143 1412 3187 compositione
1437 3143 1538 3187 exigi
1563 3153 1705 3178 cense0.

220 3223 467 3250 Dissertationes
486 3223 566 3258 phil.
587 3222 724 3251 Vindob.
743 3224 813 3251 xn.
1760 3256 1765 3261 .
1820 3215 1841 3249 6
