2138 3438
152 274 257 321 talis
295 274 543 318 aestimatio
580 273 892 328 Peripateticis
930 274 1062 328 plane
1101 273 1349 328 respondet,
1394 287 1491 315 cum
1530 273 1824 328 Theophrasti
1859 274 1972 316 liber

153 348 248 401 περὶ
278 347 468 393 παιδείας
499 348 525 401 ἢ
556 346 651 400 περὶ
683 347 969 401 σωφροσύνης
1006 345 1241 399 inscriptus
1272 343 1406 386 fuerit
1436 343 1587 400 (Diog.
1619 345 1767 388 Laert.
1802 345 1844 390 V
1877 346 1970 401 42);

152 418 258 460 item
295 417 415 472 apud
445 415 871 471 Neo-Pythagoreos
910 430 993 458 vox
1022 418 1216 472 σώφρων
1246 416 1394 470 potior
1424 415 1547 471 estl).
1588 415 1755 458 Contra
1785 430 1874 459 non
1906 422 1971 458 est

151 487 520 544 praetereundum
551 490 717 543 σοφίαν,
749 501 863 541 quae
895 492 962 530 est
991 501 1144 530 revera
1176 486 1329 530 Stoica
1359 486 1510 540 virtus,
1540 487 1663 528 haud
1694 487 1756 529 ita
1786 486 1912 530 multi
1944 502 1970 530 a

153 560 365 614 scriptore
398 559 632 602 aestimari.
665 557 815 614 Atque
847 574 945 601 eum
978 559 1254 614 sapientiam,
1288 573 1400 612 quae
1428 559 1473 600 in
1499 557 1627 600 rebus
1655 560 1970 613 cognoscendis

151 631 547 686 philosophiaeque
584 630 788 673 doctrina
827 631 913 673 sita
951 635 1030 682 est,
1070 631 1247 673 omnino
1286 630 1492 685 ignorare
1523 634 1679 684 postea
1710 631 1969 673 videbimus:

151 717 268 745 nunc
323 703 430 745 satis
486 703 544 744 sit
592 702 894 745 demonstrare
948 702 1003 744 iis
1059 701 1183 754 locis,
1243 701 1402 756 quibus
1452 701 1584 744 verbo
1634 703 1769 757 σοφός
1818 703 1968 754 utitur,

150 773 261 817 nihil
298 774 460 816 certius
498 772 627 816 effici.
669 772 787 816 Solis
826 773 998 816 duobus
1037 786 1136 815 cum
1175 773 1332 815 virtute
1365 773 1663 827 coniungitur:
1709 775 1732 815 7
1754 773 1793 815 F
1835 775 1880 816 τὸ
1924 775 1970 816 δὲ

150 851 235 893 τοῖς
276 847 491 900 λογισμοῖς
538 851 737 900 περιεῖναι
787 849 874 888 τῶν
915 847 1089 900 ἡδονῶν
1126 850 1265 900 σοφοῦ
1292 877 1301 886 .
1330 878 1338 886 .
1379 845 1531 900 (ἐστίν),
1586 858 1672 899 quo
1717 843 1813 886 loco
1859 846 1968 887 vari-

152 917 296 960 andae
346 917 552 960 dictionis
602 931 738 959 causa
783 917 974 972 optimus
1023 917 1090 958 vir
1137 917 1256 959 varie
1308 917 1565 971 exprimitur
1607 916 1870 973 (ἀνδρός...
1907 919 1969 959 εὐ-

152 992 270 1044 ηνίου
314 990 552 1043 ἀνθρώπου
578 1023 585 1030 .
613 1020 623 1030 .
650 1019 663 1031 .
706 994 846 1043 σοφοῦ
873 1021 883 1031 .
910 1021 918 1030 .
946 1021 954 1030 .
999 991 1050 1031 οὗ
1093 994 1166 1031 τοῦ
1208 989 1432 1043 τυχόντος),
1482 992 1527 1030 ct
1566 988 1621 1030 10
1646 987 1682 1030 C
1720 989 1765 1030 τό
1804 1005 1848 1043 γε
1884 990 1970 1043 μὴν

151 1061 360 1116 ἀόργητον
396 1061 553 1115 ἀνδρός
589 1061 669 1103 ἔστι
706 1063 858 1115 σοφοῦ,
897 1059 1000 1101 item
1042 1060 1095 1101 10
1114 1059 1154 1100 Ε
1182 1093 1190 1102 .
1219 1091 1228 1100 .
1256 1091 1266 1100 .
1302 1065 1374 1114 τῆς
1410 1061 1563 1114 σοφίας
1601 1059 1674 1112 (de
1707 1057 1893 1100 Socrate
1927 1063 1971 1100 et

151 1130 355 1184 Platone)
387 1157 444 1161 —
477 1131 611 1173 ceteri
641 1130 728 1172 loci
759 1130 806 1187 (3
827 1130 876 1183 O,
908 1131 933 1172 6
954 1130 1008 1182 B,
1045 1131 1098 1172 13
1118 1130 1176 1186 F)
1217 1129 1327 1171 nihil
1364 1129 1513 1172 valent
1545 1154 1614 1181 ——‚
1649 1129 1725 1171 sed
1750 1143 1969 1183 nusquam

150 1202 353 1244 virtutem
402 1202 545 1256 ipsam
590 1201 869 1256 sapientiam,
919 1201 965 1243 in
1009 1200 1314 1255 cognoscendo
1358 1214 1453 1243 esse
1498 1200 1848 1242 subaudiendum
1892 1205 1969 1253 est,

150 1273 311 1315 nedum
353 1265 578 1327 probetur.
621 1271 793 1326 Quodsi
838 1271 996 1314 deinde
1033 1271 1263 1326 Dyroffius
1302 1273 1571 1327 δικαιοσύνην
1607 1271 1840 1326 permagni
1875 1271 1970 1313 fieri

150 1348 310 1397 censet,
341 1343 460 1398 quod
496 1346 548 1386 12
567 1343 611 1385 D
643 1343 921 1398 Pythagorae
954 1343 1158 1397 aenigma
1188 1345 1247 1398 μὴ
1275 1345 1400 1397 ζυγὸν
1432 1344 1696 1398 ὑπερβαίνειν
1723 1342 1970 1397 explicatur

151 1417 211 1458 ὅτι
252 1417 319 1459 δεῖ
358 1416 627 1471 δικαιοσύνης
662 1416 850 1458 πλεῖστον
886 1416 1101 1458 ποιεῖσθαι
1137 1416 1263 1470 λόγον
1300 1416 1371 1457 καὶ
1407 1415 1467 1469 μὴ
1504 1415 1654 1469 ταύτην
1692 1415 1967 1469 ὑπερβαίνειν,

150 1501 242 1530 11011
278 1491 346 1529 est
374 1486 696 1541 neglegendum
728 1486 1065 1540 explicationem
1098 1499 1148 1528 eo
1181 1485 1279 1528 loco
1311 1485 1515 1540 proferri,
1551 1484 1628 1527 ubi
1660 1485 1850 1539 scriptor
1879 1499 1969 1527 non

150 1573 231 1600 sua
262 1562 499 1613 praecepta
530 1557 718 1609 exhibet,
749 1557 827 1599 sed
853 1556 999 1600 aliena
1023 1571 1115 1600 una
1141 1571 1240 1599 cum
1266 1556 1558 1611 explicatione
1586 1556 1762 1598 aliunde
1789 1555 1967 1598 collata.

150 1629 268 1671 Nam
297 1642 354 1671 ne
385 1627 582 1682 intellegi
613 1627 789 1683 quidem
820 1628 962 1683 possit
992 1628 1264 1682 scriptorem,
1295 1628 1372 1682 qui
1403 1627 1617 1670 iustitiam
1643 1626 1821 1681 plurimi
1844 1626 1969 1680 facit,

153 1700 288 1743 alium
325 1699 472 1742 locum
507 1713 598 1742 non
628 1699 808 1751 habere,
841 1713 927 1754 quo
961 1699 1014 1742 de
1046 1699 1130 1741 hac
1162 1699 1322 1742 virtute
1354 1698 1736 1753 praestantissima
1770 1697 1968 1740 disserat.

154 1772 255 1816 Vox
293 1773 592 1826 δικαιοπραγία
630 1770 819 1826 denique
859 1784 965 1812 sane
1003 1769 1114 1812 bene
1148 1769 1299 1813 Stoica
1337 1775 1415 1821 est,
1453 1769 1530 1812 sed
1566 1769 1700 1811 etiam
1735 1768 1970 1811 Aristoteli

152 1857 250 1886 eam
268 1842 539 1885 vindicemus
564 1846 748 1896 oportet,
773 1841 895 1896 apud
919 1855 1047 1895 quem
1066 1841 1259 1884 omnium
1278 1841 1487 1883 virtutum
1507 1854 1719 1883 summam
1739 1840 1969 1894 significat,

153 1929 251 1957 cum
289 1916 452 1957 δίκαιον
491 1918 535 1955 et
570 1915 752 1969 νόμιμον
788 1912 905 1954 idem
945 1912 1121 1955 valeant
1158 1912 1212 1970 (v,
1253 1913 1429 1966 Bonitz‚
1465 1911 1607 1954 Index
1645 1911 1829 1954 Aristot.
1868 1927 1899 1954 S.
1932 1928 1967 1954 V.

155 1983 500 2041 δικαιοπραγεῖν).
534 1983 663 2039 Quae
704 1997 802 2026 cum
841 1984 904 2026 ita
936 1984 1037 2036 sint,
1075 1983 1204 2026 finis
1236 1983 1580 2035 educationis,
1623 1997 1750 2038 quem
1782 1983 1970 2038 scriptor

154 2056 239 2098 sibi
269 2056 490 2111 proponit,
515 2055 553 2097 si
585 2055 759 2110 quidem
785 2055 831 2097 in
861 2059 988 2098 tanta
1018 2059 1354 2110 praeceptorum
1386 2055 1598 2098 varietate
1629 2054 1727 2096 finis
1752 2069 1865 2097 unus
1892 2060 1969 2107 est,

154 2127 537 2182 Peripateticis
569 2126 637 2169 vel
667 2126 856 2169 fortasse
886 2127 1058 2169 mediae
1091 2125 1226 2169 Stoae
1257 2140 1588 2180 nonnumquam
1619 2126 1795 2180 magis,
1829 2131 1967 2168 certe

153 2212 255 2241 non
290 2199 459 2241 minus
496 2198 816 2253 respondere
854 2198 1028 2240 videtur
1065 2211 1215 2253 quam
1253 2198 1446 2240 veteris
1487 2196 1643 2240 Stoae
1682 2197 1967 2241 doctrinae.

517 2376 712 2445 Caput
751 2381 794 2428 2.
834 2376 919 2428 De
957 2391 1144 2430 uxore
1182 2379 1241 2429 et
1279 2375 1612 2429 concubitu.

297 2495 474 2548 Rerum,
497 2509 607 2550 quas
626 2494 987 2537 Ps.-Plutarchus
1010 2496 1030 2536 1
1054 2494 1187 2537 A—2
1202 2494 1247 2537 A
1267 2499 1310 2537 et
1331 2496 1385 2537 13
1405 2494 1444 2536 F
1463 2498 1639 2546 tractat,
1673 2507 1839 2536 summa
1857 2493 1967 2536 haec

155 2570 237 2609 est:
269 2566 315 2608 in
345 2580 478 2609 uxore
510 2566 714 2621 eligenda
745 2566 963 2620 agendum
995 2570 1074 2617 est,
1107 2579 1163 2608 ne
1194 2566 1252 2608 sit
1275 2565 1453 2608 humilis
1481 2570 1611 2619 atque
1639 2564 1831 2618 infamis,
1865 2565 1968 2618 quia

154 2642 384 2692 parentum
421 2637 604 2679 infamia
640 2637 904 2691 honorisque
935 2636 1136 2679 maculae
1170 2637 1215 2678 in
1246 2636 1407 2679 liberos
1445 2640 1767 2691 propagantur;
1814 2635 1967 2677 eadem

156 2722 210 2751 ne
242 2709 300 2750 sit
330 2708 514 2764 coniuge
545 2708 683 2751 multo
720 2706 913 2751 nobilior
944 2707 1145 2760 ditiorve,
1179 2707 1416 2750 videndum
1455 2712 1523 2750 est
1561 2706 1636 2763 (13
1656 2707 1728 2763 F).
1778 2706 1832 2748 In
1865 2720 1966 2748 con-

156 2779 307 2822 cubitu
348 2783 399 2821 ut
438 2779 540 2822 vino
588 2779 724 2822 nimio
769 2778 1021 2821 abstineant
1062 2783 1281 2834 parentes,
1325 2778 1604 2833 praecipitur.
1649 2777 1796 2831 Atque
1840 2791 1966 2831 prae-

157 2854 342 2905 ceptum,
374 2863 460 2904 quo
490 2864 545 2892 ne
577 2864 686 2892 uxor
714 2849 946 2892 nobilitate
979 2854 1056 2892 aut
1075 2849 1238 2892 divitiis
1262 2850 1469 2892 maritum
1495 2849 1728 2902 antecedat
1751 2853 1966 2897 monetur,

302 3002 328 3046 1)
359 3001 591 3047 Ps.-Archyt.
624 3014 683 3048 ap.
714 3003 820 3039 Stob.
851 3003 933 3038 Ecl.
967 3002 1009 3037 ΙΙ
1040 2987 1121 3044 229,
1154 3003 1199 3037 27
1233 3003 1292 3046 W,
1324 3002 1580 3046 vel Theano,
1613 3012 1667 3046 ep.
1692 3002 1715 3035 4
1739 3000 1876 3046 (Epist.
1902 3000 1966 3035 Gr.

157 3061 295 3098 Herch.
321 3061 406 3105 601)
429 3062 512 3097 ἔστι
536 3060 584 3098 δὲ
601 3063 755 3108 ἀγαθῆς
770 3063 921 3109 μητρὸς
938 3064 1007 3109 οὐχ
1027 3062 1050 3108 ὴ
1067 3062 1174 3108 πρὸς
1190 3060 1339 3108 ἡδονὴν
1357 3061 1562 3106 ἐπιμέλεια
1583 3065 1664 3098 τῶν
1681 3058 1848 3104 παίδων,
1873 3059 1966 3095 ἀλλ’

157 3122 179 3167 ἡ
198 3121 306 3167 πρὸς
328 3120 374 3156 τὸ
398 3125 565 3167 σῶφρον
589 3122 740 3167 ἀγωγή.

227 3202 478 3231 Dissertationes
495 3203 574 3238 phil.
594 3203 734 3231 Vindob.
755 3204 824 3231 XII.
1826 3190 1847 3224 2
