2138 3438
944 110 1238 151 —72÷

179 253 334 294 κλοπαὶ
364 252 580 306 πατρῴων
605 252 849 306 χρημάτων,
882 252 1021 306 κύβοι,
1052 254 1207 304 κῶμοι,
1240 251 1371 300 πότοι,
1400 252 1631 306 παρθένων
1661 253 1828 305 ἔρωτες,
1859 266 2001 307 γυν·αι-·1

180 327 273 364 κῶν
305 324 579 377 οἰκοφθορίαι
618 326 821 378 γαμετῶν,
862 323 886 363 5
908 321 947 363 Β
980 324 1214 375 praeterea
1245 322 1432 370 κόλακες,
1469 324 1701 376 παράσιτοι,
1738 324 1892 376 ἑταῖραι
1929 325 1998 366 καὶ

178 394 451 449 χαμαιτύπαι)
486 392 597 434 nihil
615 406 710 435 esse
741 392 850 434 mihi
882 392 1058 446 quidem
1089 392 1273 444 videtur,
1305 392 1424 446 quod
1455 392 1538 435 ulli
1562 392 1871 448 philosophiae
1896 407 1999 449 pro-

179 465 324 519 prium
357 464 538 506 attribui
569 464 744 516 debeat,
779 465 951 519 ἡδονῶν
984 462 1162 517 quidem
1195 461 1423 506 damnatio
1449 464 1495 506 in
1522 478 1672 507 omnes
1696 469 1872 519 praeter
1890 465 1999 520 Epi-

179 549 336 577 cureos
380 535 582 590 quadrat.
622 533 896 589 Scriptorum
935 534 1070 583 locos,
1113 535 1327 589 imprimis
1357 534 1686 590 philosophiam
1723 535 2000 591 popularem,

179 620 294 661 quae
319 611 515 660 vocatur,
543 619 799 661 comparare
825 605 974 657 facile,
1011 606 1089 647 sed
1121 619 1218 647 mea
1245 606 1422 660 quidem
1448 607 1666 649 sententia
1699 621 1998 661 supervacua-

179 691 310 720 neum
343 684 420 721 est.
476 679 701 720 Ponamus
733 678 868 731 igitur
900 677 959 728 id,
1009 677 1128 732 quod
1165 677 1275 720 locis
1315 678 1581 732 comparatis
1618 679 1688 720 vix
1721 678 1851 720 aliter
1882 677 1999 721 effici

178 749 336 803 possit:
369 750 574 791 vitiorum
606 749 948 803 descriptionem
979 752 1023 791 et
1056 748 1467 791 condemnationem
1500 748 1734 792 Stoicum
1773 749 1999 792 colorem
2024 790 2036 802 ,

177 820 341 862 habere
373 820 606 862 verisimile
639 820 824 874 videtur,
870 835 1137 874 quamquam
1176 820 1463 863 cuiuslibet
1500 820 1871 876 philosophiae
1903 835 2003 864 mo-

179 891 320 944 r‘alis,
353 892 487 933 etiam
521 892 825 946 opinionum
856 891 1191 946 popularium
1223 905 1318 934 esse
1349 895 1507 946 potest.

323 961 447 1016 Quae
483 967 636 1005 contra
669 951 857 1017 scriptor
887 965 938 1006 13
959 963 1104 1005 D--F
1131 964 1323 1018 exponit,
1355 962 1598 1018 pleniorem
1619 963 1907 1019 comparandi
1927 978 2000 1007 oc-

177 1034 403 1075 casionem
448 1033 661 1088 praebere
706 1034 918 1076 videntur.
967 1034 1286 1089 Inquirendum
1330 1035 1446 1076 enim
1490 1039 1568 1087 est,
1615 1036 1685 1077 cui
1721 1036 2000 1090 potissimum

178 1104 489 1159 philosophiae
541 1105 621 1147 illa
672 1105 908 1148 clementia
951 1109 996 1148 et
1037 1107 1241 1149 vitiorum
1284 1107 1412 1148 venia
1451 1107 1695 1161 conveniat,
1738 1122 1872 1162 quam
1908 1107 1999 1151 Ps.-

178 1176 449 1218 Plutarchus
481 1176 773 1219 humanitatis
804 1178 981 1219 nomine
1015 1179 1304 1232 (ἀνθρώπινα)
1337 1178 1482 1232 exigit.
1521 1177 1570 1222 Si
1602 1179 1905 1232 quaestionem
1936 1179 2001 1222 ita

176 1248 395 1302 ponimus,
427 1262 554 1290 nemo
589 1252 668 1301 est,
709 1249 815 1302 quin
841 1263 945 1291 voce
974 1251 1225 1302 ἀνθρώπινα
1245 1249 1463 1291 adductus
1485 1247 1638 1292 Stoam
1662 1250 1854 1305 primam
1880 1251 2001 1293 coni-

178 1320 279 1361 ciat.
310 1319 430 1361 Nam
461 1333 609 1361 veram
639 1319 961 1362 humanitatem
993 1321 1039 1362 in
1070 1320 1294 1363 hominum
1326 1324 1479 1363 mutua
1512 1322 1696 1363 caritate
1730 1336 1781 1363 ac
1814 1321 2001 1365 benevo-

176 1389 316 1432 lentia
342 1391 471 1432 sitam
497 1404 590 1432 esse
617 1390 696 1433 illa
722 1394 843 1433 secta
874 1395 1049 1446 praeter
1083 1395 1252 1433 ceteras
1285 1391 1560 1441 declarabat;
1595 1391 1646 1434 cf.
1668 1407 1702 1434 e.
1722 1407 1760 1447 g.
1782 1391 1999 1435 Senecam

176 1461 262 1516 Ep.
284 1463 354 1513 88,
390 1463 444 1505 30
477 1463 735 1504 humanitas
761 1466 875 1505 vetat
897 1477 1101 1505 amarum
1135 1462 1257 1519 (esse)
1289 1464 1443 1518 verbis,
1480 1464 1623 1518 rebus,
1659 1464 1899 1519 affectibus,
1929 1479 1998 1507 eo-

178 1548 290 1575 mem
334 1548 376 1575 se
419 1534 678 1589 facilemque
716 1535 922 1576 omnibus
947 1538 1155 1589 praestat.
1205 1530 1382 1577 nullam
1422 1535 1619 1577 alienum
1655 1536 1820 1578 malum
1854 1540 1999 1591 putat.

179 1603 269 1647 Sed
293 1618 399 1645 num
426 1619 576 1646 revera
602 1605 804 1647 omnibus
825 1603 986 1647 Stoicis
1005 1605 1108 1647 talis
1142 1606 1361 1647 sententia
1393 1619 1534 1659 aeque
1556 1610 1660 1660 apta
1680 1606 1804 1648 erat?
1837 1606 1999 1649 Nonne

179 1676 216 1716 si
249 1676 407 1717 veteris
439 1675 571 1718 Stoae
603 1676 770 1730 placita
803 1677 995 1731 genuina
1028 1678 1284 1729 excutimus,
1322 1691 1436 1731 quae
1471 1691 1679 1731 magnam
1712 1677 1999 1721 acerbitatem

176 1761 284 1801 prae
318 1761 362 1789 se
395 1746 553 1801 ferunt,
584 1747 719 1789 talem
747 1747 1023 1790 clementiam
1054 1748 1358 1802 indulgentem
1385 1763 1436 1790 ac
1461 1749 1578 1790 vitiis
1603 1762 1743 1803 paene
1771 1749 1999 1792 cedentem

177 1818 233 1860 ab
267 1832 320 1860 ea
353 1818 542 1860 alienam
573 1819 708 1861 fuisse
739 1819 1020 1861 verisimilius
1053 1824 1131 1872 est,
1167 1820 1290 1861 cuius
1324 1824 1563 1862 sectatores
1588 1823 1639 1862 ut
1668 1820 1887 1863 hominem
1920 1834 2000 1876 per

176 1903 223 1930 se
261 1891 411 1944 magni
445 1891 751 1942 aestimabant,
797 1891 861 1932 ita
900 1905 925 1933 a
957 1891 1074 1933 vitiis
1107 1905 1240 1945 quam
1271 1891 1458 1933 maxime
1498 1890 1822 1934 abhorrebant?
1867 1891 1998 1935 Certe

178 1961 215 2002 si
248 1960 475 2003 doctrinae
509 1976 686 2003 normas
720 1975 895 2004 severas
928 1962 1200 2014 adhibemus,
1234 1963 1394 2017 quibus
1421 1976 1583 2014 omnes,
1617 1963 1693 2016 qui
1719 1962 1996 2018 delinquunt,

176 2031 315 2083 stulti,
351 2032 524 2083 abiecti,
550 2032 773 2075 dementes
806 2036 920 2084 sunt,
952 2033 1208 2076 clementiae
1242 2048 1293 2076 ac
1325 2034 1478 2076 veniae
1503 2033 1627 2076 locus
1651 2048 1742 2076 non
1773 2037 1855 2076 est:
1894 2049 1999 2077 nam

175 2104 390 2146 Στωικοί.
413 2137 420 2145 .
444 2138 449 2144 .
485 2106 586 2158 φασὶ
617 2105 725 2160 μηδὲ
753 2107 1007 2160 συγγνώμην
1033 2108 1139 2160 ἔχειν
1164 2107 1314 2160 μηδενὶ
1337 2107 1408 2148 τὸν
1433 2110 1535 2148 νοῦν
1560 2108 1707 2161 ἔχοντα
1741 2104 1882 2162 (Stob.
1901 2105 1998 2148 E'cl.

176 2173 257 2218 IV.
290 2190 330 2228 p.
358 2177 458 2225 212,
494 2175 549 2228 1).
582 2175 710 2217 Licet
743 2189 795 2217 ea
835 2177 1043 2217 severitas
1079 2190 1135 2218 ne
1169 2176 1288 2230 apud
1319 2176 1650 2219 acerbissimum
1683 2177 1861 2232 quidem
1893 2177 1997 2220 doc-

175 2246 319 2287 trinae
341 2245 615 2288 defensorem
634 2261 844 2300 umquam
863 2246 1067 2288 valuerit:
1103 2248 1178 2289 sed
1204 2261 1294 2289 non
1318 2247 1542 2301 habemus,
1577 2262 1654 2289 cur
1671 2248 1999 2291 Ps.-Plutarchi

176 2318 431 2371 opinionem
470 2310 609 2360 veteri
642 2316 775 2360 Stoae
814 2318 1091 2372 imputemus,
1138 2319 1175 2360 si
1211 2319 1463 2360 testimonia
1508 2322 1628 2361 certa
1666 2320 1824 2362 desunt
1863 2323 1996 2374 atque

174 2388 404 2439 nonnulla,
428 2403 483 2430 ne
510 2389 739 2443 faciamus,
770 2393 961 2431 monent.
992 2389 1132 2432 Immo
1165 2389 1298 2431 facile
1324 2389 1597 2445 intellegitur
1624 2389 1822 2433 Stoicum
1852 2390 1995 2446 philo-

175 2459 376 2513 sophum,
412 2460 448 2501 si
479 2464 713 2514 parentum
744 2474 850 2515 erga
880 2460 1048 2515 prolem
1081 2474 1273 2503 amorem
1306 2475 1357 2502 ac
1388 2460 1739 2503 benevolentiam
1770 2462 1998 2516 postulare

174 2530 401 2583 voluisset,
436 2531 563 2573 aliter
582 2535 876 2574 tractaturum
896 2531 1049 2574 fuisse:
1084 2535 1185 2574 ante
1206 2532 1354 2574 omnia
1377 2533 1637 2587 parentibus
1662 2532 1824 2576 liberos
1845 2547 1996 2576 aman-

175 2601 258 2643 dos
299 2616 392 2644 esse
431 2603 673 2645 secundum
718 2607 923 2645 naturam
962 2607 1207 2645 ceterorum
1252 2603 1510 2646 animalium
1542 2603 1751 2659 exemplis
1784 2604 1995 2647 adhibitis

178 2672 582 2728 demonstravisset,
614 2675 678 2716 ita
710 2674 803 2716 fere
836 2675 1011 2729 egisset,
1053 2679 1103 2717 ut
1134 2674 1399 2717 Plutarchus
1432 2676 1541 2730 Περὶ
1572 2682 1643 2731 τῆς
1674 2679 1730 2723 εἷς
1761 2678 1809 2719 τὰ
1841 2679 1995 2732 ἔκγονα

177 2745 479 2799 φιλοστοργίας.
512 2745 599 2788 Vel
631 2746 694 2787 sic
724 2760 816 2788 rem
848 2746 1123 2798 instituisset,
1157 2749 1207 2788 ut
1230 2750 1463 2801 parentum
1497 2761 1547 2788 ac
1573 2746 1811 2789 liberorum
1843 2761 1995 2790 amore

175 2819 328 2857 mutuo
362 2830 533 2857 omnem
565 2815 791 2858 hominum
825 2818 1078 2860 societatem
1109 2818 1192 2859 niti
1224 2817 1502 2860 confirmaret
1533 2819 1600 2873 (ut
1626 2817 1795 2870 Cicero,
1828 2818 1897 2860 De
1923 2818 1995 2862 fin.

176 2885 251 2926 ΠΙ
278 2887 366 2939 62).
398 2886 763 2930 Ps.-Plutarchus
790 2892 936 2930 autem
961 2888 1072 2930 nihil
1098 2888 1313 2931 eiusmodi
1337 2889 1535 2944 exponit3
1571 2904 1834 2944 quaeramus
1859 2890 1996 2945 igitur

177 2956 437 2999 clementiae
482 2959 576 3000 eius
626 2959 875 3014 exemplum
914 2959 1032 3003 alibi.
1078 2960 1347 3003 Themistius
1391 2964 1485 3003 tota
1524 2962 1723 3004 oratione
1762 2963 1832 3014 32,
1879 2975 1993 3016 quae

177 3027 434 3070 inscribitur
465 3030 772 3085 Μετριοπαθὴς
810 3034 836 3086 ἢ
869 3032 1120 3087 φιλότεκνος,
1165 3031 1350 3074 eandem
1386 3046 1479 3074 rem
1511 3033 1614 3087 agit.
1658 3031 1908 3075 Stoicorum
1940 3032 1994 3075 de

176 3096 410 3140 affectibus
462 3100 709 3143 doctrinam
758 3101 924 3144 refellit
967 3116 1101 3156 seque
1146 3103 1454 3158 Peripateticis
1491 3103 1569 3146 dat
1594 3102 1853 3162 *Aristotele
1896 3103 1993 3146 lau-
