2138 3438
923 130 1210 172 -63-

155 271 237 326 (22
280 273 541 316 excitabitur
581 272 709 313 laude
755 272 1003 326 aemulatio,
1053 274 1179 326 turpe
1226 271 1353 313 ducet
1394 271 1532 312 cedere
1574 271 1694 325 pari,
1736 270 1975 325 pulchrum

161 357 391 400 superasse
431 343 612 385 maiores
652 343 744 397 ete.)
787 342 856 384 vel
898 342 923 384 I
963 343 1005 396 3,
1050 343 1077 384 6
1120 341 1232 384 mihi
1274 342 1346 384 ille
1388 343 1515 385 detur
1547 356 1676 396 puer,
1719 356 1846 396 quem
1879 343 1978 383 laus

157 415 324 468 excitet,
353 428 479 469 quem
506 414 658 468 yloria
674 414 805 467 iuvet,
835 413 916 468 qui
938 413 1080 455 vietus
1103 412 1214 465 fleat.
1242 412 1311 454 hie
1334 413 1418 454 erit
1441 412 1627 454 alendus
1650 412 1834 466 ambitu,
1860 412 1978 454 hune-

161 485 373 527 mordebit
409 485 666 540 obi-uryatio,
707 484 824 526 hune
865 485 1004 526 honor
1033 483 1247 526 excitabit.
1311 482 1416 525 Non
1454 482 1648 524 alienum
1679 482 1850 524 videtur
1891 482 1976 524 hoc

160 555 260 597 loco
287 556 544 610 scriptorem
570 555 745 607 addere,
771 568 901 609 quem
920 554 1091 597 mediae
1117 568 1248 609 saepe
1274 554 1409 597 Stoae
1428 554 1614 607 vestigia
1637 554 1761 607 sequi
1787 557 1973 605 constat,

163 625 436 670 Clementem
480 625 608 668 Alex.
657 626 774 668 dico:
811 626 948 668 Paed.
986 626 1010 667 I
1042 627 1082 678 8,
1122 627 1179 668 64
1216 627 1488 682 θεραπεύεται
1524 626 1657 668 πολλὰ
1700 630 1786 667 τῶν
1819 626 1976 668 παθῶν

157 700 340 752 τιμωρίᾳ
371 699 441 740 καὶ
470 699 691 751 προστάξει
722 698 1039 753 αὐστηροτέρων
1063 698 1424 751 παραγγελμάτων
1450 731 1458 738 .
1484 730 1494 740 .
1523 699 1745 752 φαρμακίᾳ
1771 697 1816 738 δὲ
1842 699 1976 739 ἔοικεν

159 770 184 811 ὁ
209 770 445 823 ὀνειὸισμός
469 801 478 809 .
505 801 515 810 .
541 767 638 825 (96)
663 771 826 815 εὐνοίας
846 769 893 811 δὲ
911 769 957 810 τὸ
981 770 1135 824 ψέγειν,
1160 771 1212 811 οὗ
1230 770 1378 823 μίσους
1397 769 1638 823 σύμβολον,’
1666 767 1782 808 idem
1800 767 1825 808 I
1854 768 1892 822 9,
1920 768 1973 809 75

160 840 337 894 copiose
382 839 542 894 quibus
592 838 724 881 rebus
773 841 798 882 ὁ
849 841 965 886 θεῖος
1013 840 1136 894 λόγος
1184 840 1230 881 in
1281 839 1512 882 educando
1562 842 1728 889 utatur,
1778 838 1973 892 exponit:

159 912 393 962 νουθετῶν,
419 913 631 965 ἐπιτιμῶν,
654 913 925 965 ἐπιπλήττων,
949 911 1144 966 ἐλέγχων,
1170 912 1485 966 ἀπειλούμενος,
1510 913 1703 964 ἰώμενος,
1728 910 1973 964 ἐπαγγελλό-

155 999 297 1038 μενος,
331 982 489 1023 deinde
521 983 658 1037 ψόγου
690 995 850 1035 genera
882 985 1164 1034 enarrantur3
1211 982 1286 1036 qui
1330 986 1487 1036 sponte
1532 996 1613 1023 sua
1653 982 1971 1035 obsequuntur,

159 1055 355 1101 αὔξονται
384 1058 444 1108 τῷ
480 1054 638 1107 ἐπαίνῳ
675 1051 801 1106 (ibid.
834 1053 876 1103 9,
906 1053 981 1106 94)
1009 1086 1016 1094 .
1045 1085 1054 1094 .
1083 1055 1241 1108 stpmii
1273 1055 1318 1096 δ’
1348 1053 1425 1095 οὗν
1462 1055 1631 1095 ἔπαινον
1663 1055 1688 1107 ἢ
1728 1054 1867 1107 ψόγον
1892 1085 1900 1093 .
1926 1085 1934 1093 .
1962 1085 1970 1092 .

156 1125 460 1179 ἀναγκαιότατα
502 1125 722 1178 φάρμακα.
783 1123 847 1165 Ut
877 1123 1011 1177 igitur
1042 1123 1157 1165 hanc
1190 1123 1367 1165 laudis
1399 1128 1444 1165 et
1474 1123 1811 1178 vituperationis
1843 1123 1972 1164 aesti-

156 1195 396 1237 mationem
438 1208 539 1236 non
582 1193 878 1248 Chrysippi,
943 1194 1032 1236 sed
1070 1194 1272 1236 mediae
1324 1195 1482 1237 Stoae
1540 1195 1805 1249 propriam
1860 1187 1973 1236 esse

155 1265 517 1308 verisimillimum
547 1265 733 1318 videtur,
763 1266 827 1307 ita
871 1266 1175 1319 castigandi
1213 1265 1593 1320 improbationem,
1627 1278 1740 1319 quae
1775 1279 1873 1306 cum
1904 1265 1973 1306 his

153 1337 286 1379 rebus
307 1337 524 1378 artissime
546 1335 764 1388 cohaeret,
784 1340 970 1378 contra
995 1335 1282 1391 Chrysippi
1302 1337 1603 1391 opinionem
1623 1336 1682 1378 de
1704 1335 1972 1378 industria

151 1408 385 1450 fortasse
405 1407 597 1450 factam
617 1421 713 1449 esse
732 1406 867 1449 facile
890 1407 1166 1462 comprobari
1178 1411 1335 1462 potest.
1356 1407 1662 1462 Quintilianus
1675 1407 1804 1449 nobis
1819 1421 1971 1448 ansam

154 1479 383 1525 iudicandi
418 1479 620 1533 praebet:
659 1478 684 1520 I
716 1480 756 1531 3,
789 1480 844 1520 14
875 1480 995 1521 caedi
1028 1494 1127 1521 vero
1165 1480 1380 1533 discentis,
1419 1480 1655 1532 quamlibet
1682 1483 1723 1521 et
1759 1482 1972 1533 receptum

154 1551 214 1592 sit
243 1554 285 1592 et
319 1550 596 1604 Chrysippus
627 1563 717 1591 non
746 1550 974 1605 improbet,
1004 1550 1187 1592 minime
1224 1551 1356 1592 velim.
1389 1549 1605 1592 Conferas
1636 1563 1755 1591 nunc
1787 1562 1970 1602 quaeso:

154 1619 341 1675 Quintil.
372 1619 400 1662 l.
425 1620 454 1662 1.
485 1621 689 1675 primum
724 1621 831 1675 quia
861 1621 1050 1676 deforme
1091 1625 1221 1676 atque
1263 1621 1419 1664 servile
1450 1626 1512 1663 est
1541 1625 1583 1663 et
1622 1623 1730 1663 certe
1761 1646 1818 1651 —-
1856 1621 1972 1675 quod

152 1692 365 1745 convenit,
395 1692 437 1733 si
464 1695 645 1734 aetatem
675 1695 812 1733 mutes
838 1717 895 1722 —
920 1693 1116 1744 iniuria;
1150 1692 1303 1734 deinde
1333 1693 1448 1746 quod
1469 1692 1512 1733 si
1535 1692 1610 1733 eui
1641 1695 1730 1733 tam
1761 1695 1824 1733 est
1852 1705 1970 1732 mens

152 1763 410 1816 inliberalis,
435 1766 487 1804 ut
510 1763 808 1817 obiuryatione
833 1777 923 1804 non
948 1765 1206 1818 eorriqatur,
1231 1764 1271 1804 is
1297 1763 1428 1805 etiam
1451 1764 1510 1805 ad
1527 1764 1682 1818 playas
1707 1767 1759 1805 ut
1776 1763 1970 1817 pessima

147 1848 321 1890 quoque
364 1834 585 1888 mancipia
628 1834 867 1875 durabitur
908 1838 953 1875 et
993 1833 1220 1877 Ps.-Plut.:
1270 1836 1390 1877 δοκεῖ
1429 1836 1508 1889 γάρ
1547 1851 1632 1876 που
1675 1840 1757 1880 τοῖς
1802 1834 1969 1880 δούλοις

150 1911 274 1948 ταῦτα
317 1906 477 1959 μᾶλλον
521 1909 547 1960 ἢ
589 1910 674 1951 τοῖς
714 1906 947 1961 ἐλευθέροις
988 1907 1171 1959 πρέπειν.
1217 1908 1492 1959 ἀποναρκῶσι
1531 1906 1611 1960 γὰρ
1654 1907 1723 1947 καὶ
1762 1907 1969 1960 φρίττουσι

150 1978 260 2030 πρὸς
290 1977 386 2022 τοὺς
421 1977 592 2027 πόνους,
631 1979 679 2019 τὰ
716 1978 795 2033 μὲν
827 1978 895 2019 διὰ
925 1977 995 2023 τὰς
1033 1977 1267 2031 ἀλγηδόνας
1297 1981 1385 2019 τῶν
1420 1977 1608 2032 πληγῶν,
1639 1978 1687 2019 τὰ
1719 1977 1766 2019 δὲ
1797 1978 1866 2018 καὶ
1897 1977 1966 2019 διὰ

149 2049 223 2094 τὰς
253 2050 405 2103 ὕβρεις.
439 2047 726 2102 Respondent
756 2049 871 2090 inter
902 2061 966 2089 se:
1004 2049 1156 2091 servile
1186 2073 1244 2078 —
1276 2049 1456 2096 δούλοις,
1486 2048 1734 2090 inliberalis
1766 2074 1822 2078 ——
1855 2048 1965 2090 ἔλευ-

149 2120 311 2173 θέροις,
345 2121 620 2172 ἀποναρκῶσι
650 2122 719 2162 καὶ
749 2122 959 2177 φρίττουσι
990 2143 1047 2149 -—
1078 2119 1330 2169 durabitur,
1355 2122 1478 2173 ὕβρις
1502 2144 1559 2150 -
1584 2119 1759 2160 iniuria
1784 2118 1858 2170 (cf.
1887 2120 1909 2160 7
1925 2119 1964 2160 E

148 2192 331 2237 δούλους
362 2192 421 2245 μὴ
465 2193 741 2246 περιυβρίζειν
771 2209 829 2227 =
863 2204 1009 2232 servos
1051 2204 1141 2232 non
1172 2204 1271 2232 cum
1302 2190 1462 2231 iniuria
1503 2190 1658 2244 punire
1669 2191 1716 2244 l).
1747 2189 1810 2232 Ut
1842 2190 1965 2231 cuius

153 2261 289 2302 animi
315 2261 371 2302 sit
395 2260 501 2302 talis
526 2262 751 2316 praecepti
776 2265 947 2310 auctor,
971 2260 1294 2314 intellegamus,
1325 2260 1525 2315 legamus
1557 2260 1771 2303 Senecam
1802 2261 1872 2302 De
1899 2261 1964 2302 ira

150 2331 200 2373 II
231 2333 303 2383 21,
336 2333 364 2373 4
394 2332 511 2374 nihil
540 2332 718 2386 humile,
750 2332 866 2374 nihil
893 2333 1046 2374 servile
1063 2333 1291 2387 patiatur.-
1325 2331 1432 2386 quid
1457 2335 1604 2373 autem
1631 2331 1832 2373 servilius
1857 2345 1966 2386 puer

149 2403 244 2457 pati
286 2406 434 2457 potest
477 2416 610 2457 quam
652 2401 862 2445 verbera?
908 2400 1056 2456 Quare
1095 2402 1203 2443 mihi
1247 2401 1423 2456 quidem
1463 2401 1866 2456 probabilissimum
1898 2406 1965 2444 est

149 2472 531 2515 Ps.-Plutarchum
575 2477 620 2516 et
650 2473 974 2529 Quintilianum
1018 2487 1069 2514 ex
1113 2473 1266 2515 eodem
1304 2473 1437 2525 fonte,
1478 2487 1744 2527 quamquam
1787 2487 1876 2514 non
1908 2473 1962 2515 de

148 2558 237 2586 uno
271 2548 450 2587 auctore
480 2545 685 2599 pendere.
748 2544 889 2599 Quem
920 2544 1085 2585 fontem
1121 2543 1343 2586 mediam
1376 2543 1466 2586 Sto
1480 2557 1555 2585 am
1588 2558 1681 2586 esse
1712 2548 1757 2586 et
1787 2557 1832 2586 re
1865 2545 1962 2598 ipsa

150 2619 195 2656 et
219 2629 381 2668 eorum,
413 2629 526 2670 quae
553 2630 686 2670 supra
713 2617 914 2670 exposita
941 2619 1055 2666 sunt,
1090 2629 1258 2657 conexu
1285 2614 1655 2668 comprobatur2).
1687 2615 1846 2669 Itaque
1874 2615 1962 2656 alia

297 2756 322 2798 ¹)
348 2755 601 2801 Quintilianus
625 2756 719 2792 Inst.
737 2768 790 2792 or.
815 2756 836 2791 1
861 2758 895 2800 3,
923 2758 965 2792 17
993 2756 1250 2800 conqueritur:
1276 2755 1319 2790 in
1344 2767 1437 2799 quae
1449 2756 1588 2801 probra
1611 2755 1770 2799 nefandi
1792 2755 1958 2790 homines

149 2815 219 2849 isto
244 2815 418 2849 caedendi
439 2815 522 2850 iure
545 2816 755 2851 abutantur.
797 2816 833 2851 N
837 2827 885 2851 on
910 2817 1074 2851 alienum
1093 2818 1149 2850 est
1171 2815 1342 2850 conicere
1360 2814 1682 2850 Pia-Plutarchum
1700 2815 1863 2849 eiusdem
1883 2814 1959 2849 fere

149 2873 282 2908 aetatis
307 2874 347 2908 in
372 2874 562 2909 caedendo
587 2875 778 2910 licentiam
804 2875 1087 2920 reprehendere,
1111 2875 1172 2919 qui
1201 2875 1411 2909 conclamet
1429 2873 1481 2919 μὴ
1499 2875 1554 2918 μὰ
1574 2875 1641 2910 Δία
1659 2875 1832 2920 πληγαῖς
1852 2873 1932 2920 μηὸ
1948 2874 1958 2884 ’

150 2934 343 2977 αἰκισμοῖς
364 2945 398 2967 κ.
423 2945 456 2967 τ.
481 2934 535 2977 λης
562 2932 609 2968 cf.
634 2933 788 2970 Lucian.
815 2932 963 2979 Nigrin.
987 2935 1032 2970 27
1058 2934 1188 2980 (ἄλλοι
1214 2932 1261 2969 δὲ
1283 2939 1567 2979 μαστιγοῦντες
1590 2945 1624 2968 κ.
1650 2945 1681 2968 τ.
1707 2934 1768 2977 λ.).

292 3003 320 3045 ²)
344 3002 578 3038 Sententiam
616 3007 883 3048 congruentem
910 3005 1032 3039 Varro
1069 3005 1236 3049 praebet,
1265 3004 1378 3039 Catus
1413 3005 1460 3039 de
1483 3004 1507 3038 l.
1533 3003 1590 3041 ed.
1616 3003 1662 3038 fr.
1687 3003 1806 3039 XXII
1831 3004 1957 3039 Riese:

149 3061 446 3096 remotissimum
469 3062 518 3096 ad
553 3062 768 3097 descendum
802 3063 963 3107 formido
987 3075 1032 3098 ac
1056 3063 1202 3098 nimius
1228 3063 1339 3097 timor
1363 3066 1395 3097 et
1418 3062 1541 3098 omnis
1561 3062 1788 3108 perturbatio
1813 3063 1955 3104 animi;

150 3124 277 3155 emvtra
295 3120 479 3156 delectatio
492 3121 648 3167 protelat
665 3122 715 3156 ad
731 3122 956 3158 discendum.
975 3122 1174 3167 Ingenium
1191 3123 1309 3167 igitur
1323 3121 1371 3157 de
1389 3122 1513 3156 animo
1534 3133 1576 3156 ac
1594 3122 1789 3157 voluntate
1808 3122 1958 3167 pendet.
