2138 3438
936 144 1231 186 ‚37-

177 298 311 339 quam
341 284 505 327 rectius
535 283 738 327 Platonis
771 285 990 339 epitomen
1016 284 1216 329 Galenus
1249 285 1473 340 appellare
1502 286 1687 328 mavult:
1727 288 1751 329 ὁ
1770 287 1992 330 Ποσειδώ-

176 372 264 403 νιος
291 389 298 398 .
325 389 334 398 .
363 387 372 397 .
405 357 612 411 μέμφεται
631 355 932 410 (Χρυσίππου)
953 359 1055 411 μετὰ
1074 362 1146 399 τοῦ
1171 358 1414 411 θαυμάζειν,
1439 359 1517 400 ὅσα
1543 358 1726 400 Πλάτων
1751 360 1861 401 εἶπεν
1884 358 1993 412 ’ὑπὲρ

177 433 248 482 τῆς
282 431 365 469 τῶν
394 429 561 470 παίδων
593 430 648 470 ἔτι
678 444 720 470 τε
751 430 1002 482 κυουμένων
1034 432 1078 470 ἒν
1101 433 1149 483 τῇ
1181 430 1320 484 μήτρᾳ
1353 429 1626 478 διαπλάσεως,
1658 431 1993 484 ἄποκυηῦέντων

177 515 220 541 τε
249 504 409 554 τροφῆς
448 500 518 541 καὶ
558 500 746 546 παιδείας
785 501 853 541 καὶ
885 501 1091 555 γέγραφεν
1123 500 1214 542 οἷον
1253 502 1454 554 ἐπιτομήν
1486 517 1573 542 τινα
1605 502 1709 542 κατὰ
1739 502 1785 543 τὸ
1820 505 1993 555 πρῶτον

175 571 305 612 αὐτοῦ
348 571 444 623 περὶ
485 571 644 612 παθῶν
687 571 941 625 σύγγραμμα
984 575 1069 612 τῶν
1111 572 1196 613 ὑπὸ
1239 571 1474 618 Πλάτωνος
1517 573 1765 627 εἰρημένων,
1808 573 1869 619 ὡς
1909 573 1991 627 χρὴ

174 642 401 696 τρέφεσθαι
426 643 496 683 καὶ
525 643 798 684 παιδεύεσθαι
823 642 918 688 τοὺς
942 643 1094 688 παῖδας
1120 643 1226 696 ὑπὲρ
1251 648 1323 685 τοῦ
1349 644 1394 685 τὸ
1418 644 1653 698 παθητικόν
1677 659 1719 685 τε
1744 645 1813 685 καὶ
1837 644 1993 698 ἄλογον

173 717 246 766 τῆς
270 717 411 767 ψυχῆς
436 714 676 767 σύμμετρον
702 714 1013 768 ἀποφαίνεσθαι
1038 719 1121 760 ταῖς
1141 717 1321 769 κινήσεσι
1340 716 1410 756 καὶ
1434 720 1517 761 τοῖς
1535 720 1608 757 τοῦ
1634 715 1759 769 λόγου
1784 717 1992 769 προστάγ-

174 799 299 837 μασιν
331 784 522 830 εὗπειθές
553 801 590 825 κ.
622 801 652 825 τ.
685 784 718 825 λ.
752 782 923 838 Quibus
955 797 1008 826 ex
1038 783 1181 826 verbis
1211 784 1343 826 facile
1370 788 1437 826 est
1460 788 1678 826 tractatus
1703 784 1826 826 illius
1850 784 1991 827 lineas

175 852 359 908 fingere:
403 858 646 909 parentum,
691 868 935 909 corporum,
987 856 1296 910 generationis,
1345 855 1606 898 feminarum
1654 857 1991 911 praegnantium

176 939 327 967 curam
357 925 526 979 habuit,
558 926 634 980 qui
659 939 713 968 ex
742 927 914 980 coporis
939 926 1170 968 elementis
1199 927 1391 968 animum
1420 927 1612 969 hominis
1638 927 1755 969 affici
1782 931 1990 970 censeret.

175 996 349 1038 Deinde
372 998 568 1051 corporis
582 996 906 1051 formationem,
924 998 1222 1050 nutritionem,
1244 998 1551 1040 educationem
1563 999 1749 1053 primam
1769 998 1991 1040 tractavit.

173 1067 418 1110 Maximum
450 1072 529 1120 est,
563 1068 683 1122 quod
715 1068 952 1110 affectuum
979 1083 1030 1111 ac
1061 1068 1298 1111 libidinum
1323 1069 1541 1111 culturam
1565 1070 1769 1111 instituit.
1801 1069 1919 1111 Nam
1943 1069 1990 1111 in

173 1137 300 1181 libris
330 1141 426 1193 περὶ
455 1141 615 1182 παθῶν
648 1139 822 1194 scriptis
854 1153 929 1182 eas
960 1153 1030 1182 res
1061 1141 1126 1182 ita
1161 1154 1317 1195 nempe
1351 1140 1570 1193 disseruit,
1601 1145 1652 1181 ut
1683 1154 1854 1183 omnem
1885 1141 1989 1182 edu-

175 1211 393 1253 cationem
432 1214 658 1265 tamquam
699 1212 778 1253 sub
823 1210 947 1252 illum
986 1215 1269 1267 conspectum
1311 1216 1514 1266 poneret3
1560 1226 1696 1267 quare
1729 1226 1826 1254 eum
1864 1210 1990 1253 insti-

173 1281 389 1323 tutionem
419 1282 590 1335 mentis,
622 1282 925 1335 eruditionem,
955 1282 1203 1325 litterarum
1236 1297 1287 1325 ac
1321 1284 1603 1325 scientiarum
1635 1284 1881 1325 doctrinam
1905 1282 1990 1324 hoc

172 1351 285 1394 libro
319 1353 515 1395 omisisse
547 1353 778 1395 veiisimile
812 1357 889 1406 est,
926 1353 1045 1408 quod
1079 1354 1185 1396 solis
1214 1354 1410 1396 moribus
1442 1358 1651 1409 rectoque
1685 1354 1820 1396 animi
1854 1353 1989 1395 statui

173 1436 352 1477 operam
384 1423 517 1466 dedit.
559 1424 719 1478 Itaque
765 1439 877 1479 quae
911 1425 1029 1479 apud
1074 1425 1288 1468 Senecam
1330 1426 1401 1467 De
1446 1426 1513 1467 ira
1552 1425 1602 1467 II
1649 1427 1818 1468 19—21
1856 1437 1990 1478 supra

171 1493 412 1536 Pohlenzio
457 1499 696 1549 praeeunte
742 1495 983 1537 Posidonio
1030 1495 1243 1548 dedimus,
1290 1497 1451 1551 optime
1483 1497 1548 1539 illi
1578 1496 1691 1538 libro
1724 1495 1988 1550 respondere

171 1566 451 1619 perspicuum
492 1570 576 1608 est:
609 1566 772 1620 ubique
812 1566 1008 1619 affectus,
1048 1567 1114 1609 ira
1133 1587 1189 1604 =
1209 1570 1362 1622 θυμός,
1396 1569 1662 1622 cupiditates
1694 1571 1989 1621 reguntur-ac

171 1640 397 1680 sanantur.
440 1636 543 1679 Non
586 1638 693 1679 satis
735 1638 985 1692 praedicari
1028 1643 1185 1693 potest,
1230 1643 1502 1693 quantopere
1547 1653 1599 1681 ea
1630 1653 1675 1681 re
1715 1639 1852 1680 totius
1883 1637 1988 1679 edu-

171 1707 357 1749 rationis
406 1708 530 1750 notio
579 1712 752 1750 mutata
804 1710 873 1750 sit.
928 1709 1071 1752 Nobis
1123 1709 1299 1764 quidem
1347 1710 1653 1752 educationem
1704 1709 1990 1764 psychologia

171 1783 218 1821 et
279 1778 618 1832 diligentissima
683 1780 817 1821 animi
878 1780 1181 1822 observatione
1243 1781 1324 1822 niti
1399 1785 1740 1823 consentaneum
1804 1780 1989 1822 videtur.

172 1850 461 1892 Posidonium
512 1854 657 1892 autem
705 1851 894 1905 primum
942 1852 989 1892 in
1040 1851 1160 1905 Stoa,
1209 1851 1397 1894 Platone
1451 1856 1492 1893 et
1534 1852 1744 1907 Peripato
1802 1851 1989 1893 ducibus

171 1935 312 1972 usum,
371 1934 423 1963 ex
478 1935 529 1962 eo
587 1925 824 1975 conspectu
886 1922 1193 1964 educationem
1248 1926 1464 1964 tractasse
1515 1926 1699 1966 constat.
1761 1922 1845 1965 Cui
1898 1936 1988 1964 non

173 1991 317 2033 solum
350 1992 577 2046 opiniones
609 1992 662 2039 de
694 1992 914 2034 educandi
946 1994 1115 2035 ratione
1146 1994 1336 2036 traditae
1370 1998 1502 2048 atque
1527 1994 1574 2036 in
1600 1994 1709 2037 Stoa
1739 2007 1988 2036 communes

172 2063 409 2104 mutandae
454 2067 591 2116 erant,
636 2063 713 2105 sed
754 2064 896 2106 multa
934 2078 986 2106 ac
1023 2078 1136 2106 nova
1180 2064 1334 2106 addita
1367 2069 1493 2117 sunt,
1528 2079 1640 2119 quae
1680 2069 1811 2107 antea
1841 2064 1987 2118 negle-

174 2133 401 2187 gebantur,
434 2133 553 2188 quod
585 2149 610 2176 a
643 2133 893 2177 Stoicorum
925 2135 1060 2177 animi
1089 2135 1270 2176 humani
1299 2136 1481 2178 notione
1513 2136 1658 2178 aliena
1691 2140 1828 2179 erant.
1862 2136 1988 2178 Tunc

172 2205 346 2246 demum
386 2204 607 2248 educandi
652 2219 722 2248 ars
759 2220 853 2248 esse
896 2210 1085 2260 poterat,
1128 2220 1240 2260 quae
1286 2221 1497 2248 summam
1540 2207 1815 2262 diligentiam
1855 2211 1988 2261 atque

172 2276 487 2330 experientiam
531 2276 811 2319 desideraret.
867 2277 956 2319 Ubi
1000 2291 1102 2319 vera
1147 2278 1279 2319 animi
1318 2282 1480 2320 natura
1524 2282 1756 2333 perspecta
1806 2279 1987 2332 eiusque

171 2346 409 2389 facultates
453 2351 584 2389 notae
627 2351 740 2399 sunt,
775 2348 1147 2401 consuetudinem,
1189 2348 1488 2400 imitationem,
1527 2348 1725 2404 exempla
1754 2348 1990 2399 hominum,

170 2417 432 2460 facilitatem
480 2432 715 2473 puerorum
764 2418 1104 2478 formandorum,
1152 2419 1491 2461 inclinationum
1538 2424 1700 2462 natura
1755 2420 1988 2463 insitarum

172 2503 324 2531 curam
354 2489 492 2531 multo
518 2489 658 2544 pluris
683 2489 777 2531 fieri
802 2489 1109 2543 intellegimus,
1138 2490 1256 2544 quod
1281 2490 1564 2533 irrationales
1591 2491 1725 2533 animi
1750 2491 1988 2534 facultates

170 2560 424 2614 respiciunt.
466 2560 583 2602 Nam
627 2561 810 2602 interest
851 2560 968 2602 inter
1012 2561 1203 2602 animum
1235 2565 1278 2603 et
1318 2562 1542 2615 ingenium
1586 2561 1744 2618 (θυμός
1776 2566 1820 2604 et
1853 2563 1986 2619 νοῦς);

169 2630 253 2672 hoc
297 2631 480 2684 ratione,
524 2631 736 2684 docendo,
778 2631 985 2673 discendo
1031 2631 1242 2684 eruditur,
1292 2631 1367 2674 ille
1418 2636 1538 2674 totus
1576 2633 1894 2676 consuetudine
1936 2648 1987 2676 ac

169 2701 345 2743 vivendi
388 2715 546 2756 genere
589 2702 814 2744 formatur.
858 2702 1011 2756 Atque
1058 2703 1192 2744 animi
1236 2702 1524 2745 conformatio
1573 2705 1714 2746 maior
1756 2705 1826 2746 vel
1870 2709 1987 2747 certe

168 2771 290 2825 prior
321 2771 595 2815 educationis
627 2787 730 2827 pars
762 2777 840 2824 est,
875 2774 982 2827 quia
1013 2773 1237 2826 ingenium
1268 2774 1370 2815 inde
1396 2774 1571 2828 pendet.
1622 2775 1742 2830 Quid
1774 2776 1987 2818 eiusmodi

170 2843 216 2883 in
247 2846 395 2884 vetere
427 2843 569 2886 Stoa?
613 2844 734 2886 Nihil
765 2844 832 2886 vel
864 2845 1012 2899 potius
1058 2843 1230 2898 singula
1262 2845 1492 2898 quaedam,
1524 2858 1636 2899 quae
1668 2860 1757 2887 non
1789 2846 1985 2900 reliquae

171 2912 412 2966 doctrinae,
443 2913 520 2956 sed
553 2915 853 2957 communibus
883 2915 1106 2956 hominum
1139 2915 1420 2969 opinionibus
1452 2917 1780 2970 responderent.
1839 2917 1986 2972 Quare

171 2984 208 3024 si
226 2984 416 3037 posteris
436 2985 706 3038 temporibus
725 2985 1066 3028 educationis
1093 2987 1315 3040 speciem
1334 2987 1591 3039 invenimus,
1614 3002 1745 3042 quae
1766 2989 1985 3042 psycho—

109 3094 112 3097 .
170 3054 314 3109 logia
339 3068 392 3096 ea
424 3055 642 3104 nitatur,
669 3071 800 3110 quam
824 3071 906 3099 nos
933 3071 1107 3111 quoque
1133 3057 1223 3100 fere
1250 3058 1474 3110 habemus,
1502 3057 1735 3101 dummodo
1765 3073 1864 3102 cum
1890 3063 1985 3102 arte

170 3126 376 3167 instituta
421 3129 554 3180 atque
598 3127 774 3169 exculta
821 3129 889 3179 sit,
941 3132 1032 3170 aut
1074 3143 1096 3170 e
1140 3128 1417 3171 Posidonii
1468 3130 1790 3173 auctoritate
1836 3130 1985 3185 aliquo
