2138 3438
965 129 1256 170 -28-

205 271 259 315 N.
291 270 347 314 A.
380 271 480 313 XII
515 273 535 313 1
570 270 783 313 traditam
821 269 1130 311 similitudines
1171 270 1453 324 comparatl).
1493 268 1580 325 Qui
1617 271 1684 312 vir
1720 270 1875 314 doctus
1911 270 2026 313 illud

205 346 489 397 praeceptum
533 356 621 384 una
664 356 765 384 cum
801 340 1040 383 liberorum
1077 340 1250 395 primae
1286 339 1564 382 educationis
1602 341 1804 384 doctrina
1840 341 2024 399 (παίδων

205 416 372 470 τροφή),
394 413 447 455 de
469 427 555 468 qua
574 412 708 468 paulo
728 417 830 467 post
849 412 1099 454 accuratius
1121 412 1340 466 agendum
1361 412 1454 465 erit,
1472 415 1670 455 tractans
1687 412 2024 467 Ps.-Plutarchi‚

209 484 486 540 Quintiliani,
521 484 665 527 Taciti
695 484 816 526 locos
848 486 893 525 in
928 482 1125 525 Stoicum
1157 477 1336 536 fontem,
1369 482 1662 538 Chrysippum
1693 483 1804 533 dico,
1835 487 2025 535 revocat,

207 557 285 598 sed
317 571 369 599 ex
399 557 607 599 Favorini
641 556 888 610 Soranique
928 554 1197 609 argumentis
1230 553 1507 596 educationis
1539 553 1607 596 vel
1637 555 1889 598 nutritionis
1921 555 2024 598 doc·

205 629 367 670 trinam
405 629 491 670 iam
525 632 626 670 ante
659 627 834 670 Stoicos
872 626 1087 680 imprimis
1126 640 1152 667 a
1186 625 1496 680 Peripateticis
1536 625 1752 668 excultam
1790 640 1884 669 esse
1921 640 2024 670 con-

207 700 356 742 cludit.
399 699 503 742 Non
541 700 675 754 igitur
713 713 806 741 esse
850 698 1035 750 videtur,
1080 712 1160 739 cur
1195 696 1521 740 Ps.-Plutarchi
1557 697 1689 739 verba
1727 712 1748 739 e
1781 697 1891 741 Stoa
1926 698 2025 753 ipsa

208 772 469 814 deriventur.
507 771 605 813 Nisi
642 770 755 812 forte
794 770 891 824 quis
930 769 1013 811 hac
1045 769 1265 811 sententia
1298 768 1487 811 colorem
1520 767 1718 810 Stoicum
1749 768 2023 823 comprobat:

208 845 233 885 3
255 843 290 885 O
326 844 450 898 δηλοῖ
477 843 522 885 δὲ
554 843 624 885 καὶ
655 844 680 897 ἡ
715 843 840 897 φύσις
871 859 908 884 κ.
942 858 971 882 τ.
1004 842 1067 883 λ..
1090 874 1097 882 .
1119 872 1128 882 .
1161 845 1310 896 σοφῶς
1342 841 1387 883 δὲ
1413 843 1495 895 ἄρα
1520 842 1589 883 καὶ
1614 843 1639 896 ἡ
1666 841 1844 895 πρόνοια
1869 841 2026 888 διττοὺς

207 917 384 970 ἐνέθηκε
420 920 506 961 ταῖς
543 915 700 969 γυναιξὶ
736 914 833 960 τοὺς
870 914 1056 968 μαστούς
1097 911 1271 954 collatis
1309 910 1538 967 Ciceronis
1575 910 1718 954 verbis
1750 911 1881 954 Tusc.
1913 911 2024 967 disp.
2085 921 2093 924 ”

206 986 255 1028 II
287 987 356 1037 51,
394 986 477 1027 128
505 1019 513 1028 .
536 989 615 1027 ,ut
646 985 948 1039 intelleyamus
968 1016 1006 1025 ..
1039 984 1139 1026 haec
1178 984 1323 1026 omnia
1359 997 1448 1026 esse
1484 997 1614 1038 opera
1644 984 1852 1038 providae
1880 984 2024 1027 soller-

207 1058 346 1112 tisque
376 1060 575 1112 naturae,
612 1070 722 1111 quae
753 1056 1012 1110 multiplices
1043 1056 1160 1111 fetus
1190 1059 1450 1110 procreant.
1474 1089 1481 1096 .
1511 1055 1572 1096 iis
1601 1069 1894 1098 mamma-rum
1923 1057 2025 1098 data

205 1133 267 1171 est
302 1129 550 1171 multituda
591 1126 722 1182 Quod
761 1131 1067 1181 argumentum
1105 1140 1260 1181 nempe
1299 1126 1345 1168 in
1378 1125 1626 1168 Stoicorum
1665 1126 1718 1168 de
1750 1125 2027 1180 providentia

205 1199 404 1242 locorum
443 1213 624 1241 numero
666 1202 772 1241 erat.
814 1196 1094 1252 Quamquam
1136 1197 1192 1239 ad
1232 1196 1560 1239 Ps.-Plutarchi
1601 1199 1805 1253 δηλοῖ...
1847 1201 1872 1254 ἡ
1903 1199 2027 1253 φύσις

212 1270 467 1331 Aristotelis
500 1284 672 1324 quoque
704 1269 837 1312 verba
869 1269 938 1311 De
973 1283 1040 1312 an.
1083 1283 1177 1324 gen.
1221 1268 1290 1313 IV
1323 1270 1361 1321 8,
1395 1269 1480 1312 776
1502 1282 1528 1310 a
1562 1269 1616 1310 16
1647 1274 1719 1324 τῆς
1758 1270 1837 1324 γὰρ
1867 1274 2026 1325 τροφῆς

206 1345 326 1398 χάριν
345 1374 384 1386 ..
415 1344 607 1397 ἐποίησεν
639 1345 664 1397 ἡ
698 1342 820 1397 φύσις
859 1341 1107 1396 comparari
1138 1344 1335 1394 possunt.
1370 1339 1458 1382 Sed
1490 1339 1544 1382 de
1576 1340 1659 1382 hoc
1689 1339 1787 1382 loco
1819 1340 1905 1382 nisi
1935 1354 2026 1382 una

207 1428 305 1456 cum
338 1414 403 1467 iis,
437 1427 549 1467 quae
583 1417 839 1466 sequuntur,
871 1411 1060 1453 iudicari
1093 1426 1182 1454 non
1214 1415 1374 1465 potest:
1408 1416 1556 1453 tamen
1581 1411 1628 1453 id
1655 1410 1834 1465 quidem
1859 1415 2025 1454 certum

209 1490 274 1527 est
307 1484 628 1526 Ps.-Plutarchi
659 1483 801 1526 verbis
833 1482 944 1525 nihil
976 1484 1133 1536 inesse,
1167 1497 1253 1536 quo
1289 1482 1487 1525 Stoicum
1519 1481 1685 1524 fontem
1716 1482 1861 1536 ipsum
1887 1482 2024 1536 suspi-

206 1557 298 1598 cari
330 1570 552 1610 cogamur,
584 1569 728 1609 neque
761 1555 935 1597 obstare
969 1555 1221 1609 quicquam,
1256 1545 1363 1608 quin
1394 1554 1676 1604 coniciamus,
1707 1554 1745 1595 si
1775 1567 1845 1595 res
1874 1567 1955 1608 per
1979 1567 2027 1596 se

207 1631 442 1682 spectatur.

347 1699 594 1753 Praecepta
626 1712 739 1752 quae
771 1702 1018 1752 sequuntur
1049 1697 1095 1754 (3
1117 1698 1246 1739 E—4
1267 1696 1311 1739 A
1342 1696 1410 1739 vel
1443 1699 1467 1739 5
1489 1697 1539 1748 O,
1571 1697 1649 1739 sed
1681 1697 1733 1739 de
1765 1696 2024 1751 paedagogo

206 1775 249 1813 et
297 1771 507 1825 magistro
559 1770 796 1825 separatim
847 1784 977 1824 agere
1029 1768 1185 1826 statui)
1236 1769 1298 1811 ita
1348 1768 1580 1824 complecti
1627 1781 1876 1824 possumust
1926 1782 2025 1810 cum

205 1857 440 1897 puerorum
459 1845 620 1884 natura
639 1841 846 1884 facillime
863 1841 1087 1883 afficiatur
1101 1844 1143 1882 et
1156 1841 1201 1882 in
1215 1840 1462 1882 imitatione
1476 1844 1685 1892 versetur,
1706 1838 2025 1894 providendum
2082 1879 2089 1883 .

206 1918 284 1965 est,
325 1918 374 1956 ut
410 1914 617 1965 nutrices,
659 1911 832 1964 servuli,
869 1912 1131 1967 paedagogi,
1166 1913 1430 1966 quicumque
1465 1912 1582 1954 circa
1613 1910 1710 1954 illos
1744 1915 1859 1963 sunt,
1892 1923 2024 1965 quam

207 1986 381 2039 optimis
426 1984 620 2027 moribus
665 1998 716 2026 ac
759 1984 871 2026 tales
916 1985 1014 2036 sint,
1059 1983 1211 2038 quales
1254 1997 1414 2038 pueros
1457 1982 1555 2025 fieri
1594 1982 1804 2025 volumus.
1853 1981 2024 2024 Eodem

205 2057 439 2112 pertinent,
480 2070 592 2110 quae
631 2055 816 2110 legimus
857 2058 910 2097 12
930 2056 973 2098 D
1014 2058 1222 2110 ἀπείργειν
1260 2057 1465 2111 προσήκει
1501 2056 1597 2102 τοὺς
1633 2056 1786 2101 παῖδας
1817 2060 1888 2110 τῆς
1917 2054 2025 2108 πρὸς

204 2129 300 2175 τοὺς
325 2129 541 2183 πονηροὺς
565 2129 826 2182 ἀνθρώπους
850 2129 1089 2174 συνουσίας·
1117 2129 1402 2182 ἀποφέρονται
1427 2128 1507 2182 γάρ
1532 2145 1567 2169 τι
1591 2133 1662 2182 τῆς
1685 2127 1846 2169 τούτων
1865 2127 2025 2179 κακίας,

209 2201 262 2242 13
284 2199 319 2242 C
369 2201 620 2242 ἐκδιωκτέον
664 2200 703 2241 δ’
757 2201 836 2253 οὐχ
879 2200 1023 2253 ἥκιστα
1066 2199 1136 2241 καὶ
1178 2198 1251 2245 τὰς
1292 2202 1378 2240 τῶν
1426 2201 1724 2252 συμφοιτητῶν
1772 2199 2025 2252 μοχθηρίας,

209 2273 262 2313 14
283 2270 440 2325 A—-B,
473 2270 549 2312 ubi
574 2273 625 2312 ut
649 2274 796 2325 patres
828 2269 929 2311 filiis
961 2284 1132 2311 morum
1159 2268 1358 2322 exempla
1385 2269 1484 2321 sint,
1510 2268 1709 2321 exigitur.
1733 2266 1885 2322 Atque
1909 2267 2024 2310 tales

207 2342 510 2396 cogitationes,
555 2342 814 2396 priusquam
853 2341 1103 2383 accuratius
1142 2339 1419 2394 indagamus,
1464 2339 1570 2393 quin
1609 2338 1815 2389 omnium,
1861 2338 1937 2392 qui
1969 2339 2022 2380 de

166 2436 173 2442 ·
205 2428 374 2455 morum
401 2413 646 2455 eruditione
673 2416 866 2468 egerunt,
899 2411 1051 2466 aliquo
1076 2412 1206 2454 modo
1235 2424 1486 2453 communes
1510 2410 1689 2461 fuerint,
1721 2409 1901 2451 dubium
1927 2423 2021 2452 esse

205 2500 294 2526 non
326 2488 484 2539 potest.
517 2484 649 2526 Plato
676 2484 842 2539 primus
869 2498 943 2525 eas
969 2495 1038 2525 res
1066 2483 1241 2537 copiose
1269 2482 1470 2536 exposuit
1493 2486 1536 2523 et
1561 2486 1760 2536 posteros
1786 2481 2022 2535 scriptores

208 2555 267 2597 de*
307 2570 357 2597 eo
397 2570 547 2598 omnes
584 2555 678 2598 fere
718 2555 1000 2609 aliquatenus
1038 2554 1232 2609 pendere
1265 2553 1498 2595 verisimile
1531 2556 1607 2595 est.
1652 2551 1798 2607 Quare
1832 2552 2021 2594 cuiusvis

207 2627 431 2681 scriptoris
482 2627 528 2668 in
573 2641 624 2668 ea
668 2641 714 2669 re
761 2640 858 2669 cum
902 2626 1146 2668 Platonis
1192 2625 1411 2667 sententia
1455 2637 1740 2667 consensus
1785 2637 1890 2666 sane
1932 2638 2022 2666 non
2078 2628 2084 2633 '

205 2698 391 2740 multum
423 2698 552 2750 valet,
586 2703 735 2740 tamen
768 2698 1064 2740 ostendendus
1098 2711 1191 2740 esse
1222 2697 1406 2740 videtur.
1444 2695 1645 2738 Platonis
1675 2695 1763 2737 loci
1794 2695 2022 2750 praecipui

207 2774 326 2811 sunt:
366 2770 462 2811 Pol.
502 2772 586 2812 377
608 2769 648 2811 B
684 2802 724 2811 ..
744 2771 853 2824 ἀρχὴ
891 2771 1046 2816 παντὸς
1082 2772 1208 2825 ἔργου
1245 2770 1448 2824 μέγιστον,
1485 2769 1623 2815 ἄλλως
1658 2784 1699 2809 τε
1736 2768 1805 2810 καὶ
1836 2769 1920 2822 νέῳ
1952 2767 2022 2809 καὶ

207 2842 358 2896 ἁπαλῷ
390 2843 571 2896 ὅτῳοῧν·
617 2841 789 2895 μάλιστα
831 2841 910 2896 γὰρ
951 2842 1001 2895 δὴ
1041 2842 1127 2882 τότε
1158 2841 1366 2882 πλάττεται
1397 2840 1466 2881 καὶ
1496 2839 1681 2881 ἐνδύεται
1709 2839 1851 2886 τύπος,
1889 2840 1939 2881 ὃν
1969 2840 2022 2881 ἄν

353 2958 377 3000 ¹)
409 2958 483 2993 Ubi
516 2959 719 2994 Clementis
751 2959 861 2994 Alex.
894 2959 1080 2993 sententia
1110 2970 1186 2993 non
1220 2961 1300 2993 erat
1329 2957 1573 3002 neglegenda,
1605 2967 1831 3001 quamquam
1863 2955 1910 2990 ad
1940 2966 2020 2991 rem

205 3017 300 3051 nihil
326 3019 412 3052 novi
438 3017 615 3054 efficitur:
645 3017 807 3064 Παιδαγ.
835 3018 855 3052 Ι
881 3019 914 3062 6,
939 3018 985 3052 49
1019 3020 1181 3063 αἳματος
1205 3019 1284 3064 γὰρ
1308 3018 1427 3063 φύσις
1455 3023 1526 3052 τοῦ
1549 3017 1751 3062 γάλακτος
1775 3016 1798 3062 ἡ
1822 3015 1934 3061 ῥύσις
1956 3017 2020 3052 καὶ

206 3077 312 3122 πηγὴ
344 3083 496 3122 τροφῆς
526 3077 571 3112 τὸ
603 3079 720 3123 γάλα,
753 3077 784 3123 ᾡ
817 3076 864 3124 ὀὴ
897 3079 960 3113 καὶ
991 3078 1092 3123 γυνὴ
1125 3076 1224 3123 δήλη
1257 3081 1426 3112 τεκοῦσα
1457 3077 1619 3121 ἀληθῶς
1647 3077 1710 3111 καὶ
1733 3075 1870 3121 μήτηρ,
1894 3073 1948 3110 δι’
1972 3073 2020 3110 οὗ

205 3137 267 3170 καὶ
300 3136 464 3181 φίλτρον
495 3138 653 3181 εὐνοίας
683 3138 995 3183 παραλαμβάνει.
1035 3136 1170 3171 Totam
1203 3148 1280 3171 rem
1310 3136 1475 3171 breviter
1506 3146 1718 3180 expressam
1742 3134 1803 3168 hic
1828 3134 2020 3169 habemus.
