2138 3438
952 137 1247 178 ...54—

188 279 455 333 ἕπιμελητέον
475 279 618 324 καλῶς
637 279 706 320 καὶ
730 278 1062 332 φιλανθρώπως.
1090 275 1138 319 Si
1162 290 1276 326 vero,
1303 276 1422 331 quod
1447 292 1582 332 supra
1605 278 1839 320 verisimile
1865 279 2005 321 visum

190 353 267 401 est,
298 348 375 390 illa
406 363 508 403 pars
541 346 703 390 Stoicis
737 347 1021 390 attribuenda
1053 351 1130 400 est,
1160 347 1272 389 nihil
1303 343 1579 403 relinquitur,
1610 349 1697 392 nisi
1729 353 1779 391 ut
1811 349 2006 392 auctoris

189 419 516 474 philosophiam
573 433 595 461 e
658 417 952 461 Stoicorum
1009 423 1057 460 et
1112 419 1597 473 Peripateticorum
1659 420 2006 475 opinionibus

192 490 519 533 commixtam
550 503 644 532 esse
676 494 891 544 putemus.
926 488 1074 544 Atque
1106 490 1306 544 Peripati
1337 490 1630 534 imitationem
1657 492 1777 546 apud
1802 491 2006 534 mediae

192 561 347 604 Stoae
380 560 579 603 adseclas
610 561 798 615 viguisse
832 565 1018 612 constat,
1064 561 1139 615 qui
1170 561 1216 602 in
1259 559 1490 604 affectibus
1521 562 1772 605 iudicandis
1809 566 2008 605 veterum
2067 550 2070 554 ⁴

191 633 396 676 acerbam
441 633 715 675 severitatem
758 632 1056 685 mitigaverint
1087 636 1131 674 et
1161 632 1349 675 hominis
1381 637 1567 676 naturae
1598 648 1726 676 verae
1760 634 2007 677 doctrinam
2049 657 2055 664 ·

192 703 577 747 accommodarint.
635 703 754 745 Huic
809 702 1119 758 psychologiae
1176 704 1392 757 convenit,
1446 708 1496 746 ut
1541 705 1824 759 philosophia
1874 705 2007 748 etiam

189 776 471 818 irrationales
516 775 650 816 animi
692 774 934 816 facultates
980 779 1114 826 curet,
1154 774 1362 817 libidines
1405 778 1538 830 atque
1577 775 1760 818 affectus
1793 779 2009 831 temperet

192 852 236 890 et
268 851 404 888 sanet.
450 846 523 888 Ita
565 845 655 887 fere
687 845 892 888 Clemens
923 845 1050 888 Alex.
1083 845 1390 900 philosophiae
1425 861 1535 902 opus
1573 846 1783 890 describit
1815 847 1951 890 Paed.
1985 846 2010 888 I

195 924 231 971 1,
269 921 311 960 1:
345 918 593 972 paedagogi
632 921 699 959 est
739 920 956 973 βελτιῶσαι
986 919 1059 973 τὴν
1082 920 1250 974 ψυχήν,
1288 919 1340 961 οὐ
1374 919 1552 969 διδάξαι,
1585 920 1812 975 σώφρονός
1842 935 1896 968 τε,
1926 920 2017 962 οὐκ

191 993 512 1045 ἔπιστημονικοῦ
569 991 898 1044 καθηγήσασθαι
941 991 1058 1044 βίου;
1100 988 1208 1030 ibid.
1250 991 1291 1040 2,
1339 990 1363 1031 6
1397 1025 1404 1032 .
1433 1021 1443 1031 .
1479 991 1603 1045 λόγος
1628 1024 1636 1032 .
1657 1023 1666 1031 .
1707 991 2009 1045 θεραπευτικὸς

190 1067 276 1105 τῶν
306 1062 422 1115 παρὰ
466 1062 591 1116 φύσιν
633 1066 705 1115 τῆς
741 1067 883 1116 ψυχῆς
907 1062 1076 1103 παθῶν.
1121 1063 1278 1115 κυρίως
1308 1062 1388 1115 μὲν
1419 1063 1498 1116 γὰρ
1530 1064 1555 1116 ἦ
1587 1066 1673 1105 τῶν
1703 1067 1777 1104 τοῦ
1809 1063 2010 1116 σώματος
2051 1070 2054 1073 ’

191 1135 442 1188 νοσημάτων
485 1134 664 1188 βοήθεια
708 1133 868 1187 ἰατρικὴ
911 1134 1089 1175 καλεῖται
1133 1134 1311 1187 τέχνη..
1345 1133 1470 1188 λόγος
1501 1133 1548 1175 δὲ
1580 1134 1604 1176 ὁ
1646 1134 1847 1187 πατρικὸς
1877 1133 2011 1187 μόνος

190 1207 295 1248 ἐστὶν
338 1205 627 1258 ἀνθρωπίνων
669 1204 807 1256 ἰατρὸς
851 1205 1207 1258 ἀρρωστημάτων.
1249 1203 1421 1245 Eodem
1463 1203 1595 1246 modo
1645 1203 2009 1246 Ps.—Plutarchus

192 1275 518 1330 philosophiam
561 1274 717 1321 laudat
750 1274 853 1316 7D:
886 1277 981 1329 περὶ
1013 1276 1089 1321 μὲν
1119 1276 1193 1329 τὴν
1222 1280 1296 1318 τοῦ
1327 1276 1529 1329 σώματος
1558 1277 1794 1331 ἐπιμέλειαν
1813 1310 1821 1318 .
1842 1308 1851 1316 .
1884 1273 2011 1328 εὗρον

193 1350 266 1403 τὴν
298 1348 483 1402 ἰατρικὴν
515 1348 584 1389 καὶ
615 1347 687 1401 τὴν
719 1348 997 1401 γυμναστικήν
1020 1378 1056 1389 ..
1089 1351 1174 1388 τῶν
1206 1347 1253 1389 δὲ
1284 1352 1356 1401 τῆς
1389 1352 1528 1401 ψυχῆς
1559 1348 1906 1401 ἀρρωστημάτων
1938 1348 2009 1388 καὶ

191 1420 349 1462 παθῶν
375 1421 400 1473 ἡ
433 1420 659 1473 φιλοσοφία
690 1418 799 1473 μόνη
841 1419 1071 1472 φάρμακόν
1102 1420 1217 1460 ἔστιν.
1269 1415 1395 1471 Quae
1437 1417 1708 1472 comparatio
1741 1430 2010 1471 quamquam

192 1505 281 1533 non
330 1504 433 1531 rara
484 1493 592 1539 erat,
638 1492 786 1530 tamen
834 1488 1062 1543 utriusque
1113 1489 1339 1543 scriptoris
1391 1489 1611 1531 sententia
1658 1488 1743 1531 hoc
1794 1502 2010 1530 summum

191 1561 502 1616 philosophiae
529 1574 638 1614 opus
665 1573 759 1601 esse
786 1559 1198 1602 animadvertamus.
1227 1559 1352 1614 Quae
1374 1560 1411 1601 si
1438 1559 1757 1602 concludimus:
1785 1559 2011 1614 scriptoris

194 1633 248 1675 de
280 1631 561 1687 philosophia
591 1631 805 1673 iudicium
848 1630 1223 1674 eclecticorum
1267 1631 1595 1686 temporibus
1626 1630 1876 1686 respondet,
1905 1629 2011 1684 quia

195 1703 484 1758 cogitationes
518 1701 690 1745 Stoicas
723 1706 767 1744 et
797 1702 1118 1756 Peripateticas
1152 1703 1391 1757 coniungit.

743 1856 933 1924 Caput
972 1859 1015 1909 9.
1053 1859 1151 1906 Βίοι
1188 1858 1239 1922 (8
1261 1856 1469 1922 A—B).

340 1964 549 2019 Sequitur
591 1965 706 2006 vitae
740 1964 901 2018 optime
940 1964 1165 2019 degendae
1198 1963 1451 2018 explicatio.
1496 1962 1724 2018 Quaestio,
1770 1975 1881 2016 quae
1915 1965 2010 2004 erat

194 2039 288 2090 περὶ
319 2039 438 2092 βίων,
471 2037 516 2077 in
550 2034 799 2077 Stoicorum
833 2035 1034 2077 doctrina
1067 2061 1123 2066 —-
1155 2049 1258 2077 nam
1296 2035 1351 2077 ab
1384 2035 1452 2076 his
1483 2034 1622 2076 liceat
1644 2033 1780 2076 ordiri
1813 2059 1868 2064 —
1901 2033 2012 2076 satis

197 2107 379 2150 confusa
399 2106 537 2149 fuisse
558 2107 786 2160 videtur1).
820 2107 967 2148 Trium
990 2106 1228 2148 formarum
1262 2106 1432 2158 divisio,
1467 2120 1600 2161 quam
1621 2105 1843 2160 Diogenes
1863 2104 2011 2148 Laert.

195 2179 289 2222 VII
319 2181 402 2221 130
430 2178 623 2221 exhibet:
654 2180 761 2234 βίων
787 2179 832 2220 δὲ
857 2183 983 2232 τριῶν
1008 2180 1155 2226 ὄντων,
1187 2179 1455 2232 θεωρητικοῦ
1489 2179 1559 2220 καὶ
1588 2181 1821 2231 πρακτικοῦ
1847 2178 1918 2219 καὶ
1941 2177 2011 2220 λο-

197 2256 330 2304 γικοῦ,
373 2251 443 2292 τὸν
481 2252 615 2305 τρίτον
650 2251 778 2304 φασὶν
815 2251 1015 2303 αἱρετέον·
1048 2251 1259 2304 γεγονέναι
1291 2250 1370 2302 γὰρ
1405 2249 1489 2291 ἀπὸ
1525 2254 1594 2303 τῆς
1625 2250 1797 2303 φύσεως
1827 2248 2014 2302 ἐπίτηδες

195 2323 239 2364 τὸ
272 2323 439 2376 λογικὸν
465 2323 578 2376 ζῷον
603 2321 711 2375 πρὸς
730 2322 919 2374 θεωρίαν
944 2322 1013 2363 καὶ
1037 2323 1203 2374 πρᾶξιν,
1234 2333 1390 2373 nempe
1418 2319 1611 2372 genuina
1629 2317 1879 2361 Stoicorum
1905 2321 2012 2361 erat.

198 2391 287 2434 Sed
318 2406 417 2434 cum
442 2393 669 2447 πρακτικὸς
698 2393 792 2446 βίος
823 2391 880 2433 sit
903 2392 1120 2444 πολιτικός,
1153 2391 1342 2444 sapienti
1366 2404 1458 2432 rem
1483 2388 1706 2444 publicam
1733 2388 2013 2431 tractandam

197 2477 293 2505 esse
328 2463 537 2517 sequitur,
570 2463 687 2517 quod
719 2464 884 2518 λογικὸς
915 2464 1006 2518 βίος
1040 2466 1082 2504 et
1113 2463 1302 2516 θεωρίαν
1337 2466 1381 2503 et
1410 2464 1561 2516 πρᾶξιν
1594 2459 1893 2515 amplectitur:
1933 2459 2012 2503 sed

196 2536 241 2576 in
274 2549 325 2576 ea
358 2548 403 2576 re
436 2533 682 2576 differentia
714 2537 791 2576 est.
823 2533 1094 2589 Chrysippus
1128 2533 1242 2575 enim
1269 2533 1389 2587 apud
1414 2532 1602 2587 Diogen.
1627 2531 1774 2574 Laert.
1807 2531 1901 2575 VII
1929 2532 2009 2573 121

196 2602 484 2649 πολιτεύεσθαι
510 2606 572 2647 ait
597 2607 666 2648 τὸν
691 2607 839 2661 σοφόν,
870 2608 921 2648 ἂν
945 2608 1006 2661 μή
1031 2623 1066 2646 τι
1092 2606 1252 2660 κωλύῃ,
1272 2604 1297 2647 i.
1319 2619 1354 2647 e.
1384 2607 1486 2646 ante
1514 2605 1661 2646 omnia
1688 2602 1723 2644 si
1744 2616 1813 2644 res
1833 2601 2014 2656 publica

197 2691 284 2718 non
317 2690 455 2730 prava
481 2680 558 2718 est.
591 2677 750 2730 Itaque
778 2675 946 2729 Seneca
977 2691 1029 2718 ex
1061 2679 1254 2718 veterum
1282 2675 1483 2717 doctrina
1509 2688 1555 2716 se
1583 2673 1793 2725 defendit,
1827 2672 1896 2714 De
1924 2673 2012 2715 otio

199 2750 238 2799 8,
277 2749 296 2789 1
332 2762 352 2790 e
377 2749 460 2802 Zeye
491 2747 725 2802 Chrysippi
751 2749 889 2790 vivere
915 2749 1046 2790 otioso
1074 2748 1169 2790 lieet
1197 2750 1241 2789 et
1267 2747 1442 2801 saepius
1469 2745 1706 2798 Zenonem,
1737 2743 2013 2797 Cleanthem,

199 2818 493 2873 Chrysippum
520 2818 718 2872 exempla
745 2818 872 2860 affert
901 2822 966 2869 (ut
990 2819 1059 2860 De
1080 2822 1136 2861 ot.
1158 2820 1198 2870 6,
1227 2817 1283 2874 5).
1318 2817 1448 2859 ·Idem
1475 2816 1747 2871 Chrysippus
1772 2814 2012 2858 Plutarcho

199 2890 267 2931 De
302 2888 436 2932 Stoic.
462 2903 551 2943 rep.
580 2891 692 2932 1033
712 2889 754 2930 D
793 2893 983 2936 testante
1022 2890 1148 2933 οὐδὲν
1178 2891 1248 2932 τὸν
1279 2889 1553 2944 σχολαστικὸν
1585 2890 1677 2943 βίον
1707 2892 1779 2930 τοῦ
1812 2888 2013 2942 ἡδονικοῦ

200 2963 410 3015 διαφέρειν
461 2961 640 3002 censuit.
686 2959 874 3014 Quoquo
924 2960 1053 3002 modo
1099 2974 1143 3002 se
1194 2974 1263 3002 res
1311 2959 1460 3013 habet,
1504 2962 1670 3001 veteres
1721 2957 1894 3001 Stoicos
1944 2971 2013 2999 sa-

199 3032 361 3085 pientis
387 3046 479 3073 esse
507 3032 569 3073 rei
593 3031 797 3086 publicae
831 3031 1256 3074 administrationem
1286 3031 1486 3086 posuisse
1520 3033 1705 3082 constat,
1736 3028 1945 3083 quoniam
1976 3028 2015 3071 is

343 3136 371 3179 ¹)
398 3136 454 3173 Cf.
483 3148 604 3181 praec.
632 3137 776 3181 Dyroff,
804 3137 918 3172 Ethik
945 3137 981 3174 d.
1010 3138 1109 3172 alten
1137 3137 1240 3181 Stoa,
1266 3148 1302 3181 p.
1318 3137 1400 3173 232.
