2138 3438
929 144 1223 186 -67-

167 283 385 339 Exempla
409 285 526 326 enim
551 284 754 327 Platonis
780 288 824 326 et
848 283 1074 339 Archytae
1098 283 1211 326 m'hil
1235 287 1429 336 monent,
1462 284 1547 326 nisi
1578 288 1640 335 ut,
1666 285 1742 339 qui
1766 285 1987 336 irascitur,

166 355 279 398 iram
311 355 492 398 devoret
512 369 621 398 neve
645 355 806 398 ultioni
831 355 1011 398 studeat
1035 355 1298 410 puniatque3
1330 358 1516 409 uterque
1539 355 1750 397 irascitur
1774 359 1820 398 et
1842 355 1986 407 valde,

167 440 266 469 cum
307 425 530 481 Archytas
574 426 695 469 dicat
735 427 932 482 ᾤμωξας
973 430 1038 476 ἄν,
1080 430 1118 470 εἰ
1157 428 1216 482 μὴ
1249 427 1339 469 λίαν
1378 427 1621 482 ὠργιζόμην
1665 430 1709 468 et
1739 426 1869 469 Plato
1901 428 1985 483 ἐγὼ

166 499 247 553 γὰρ
287 500 399 541 πάνυ
441 499 672 552 θυμοῦμαι.
718 497 942 552 Archytae
986 497 1233 552 exemplum
1276 498 1410 540 etiam
1452 496 1509 539 ab
1553 497 1797 539 Iamblicho
1842 498 1912 540 De
1943 513 1981 540 v.

165 568 295 623 Pyth.
338 570 420 611 197
465 568 689 611 inducitur
730 568 864 623 idque
906 569 976 611 his
1020 568 1180 611 verbis:
1225 570 1379 624 λέγεται
1422 569 1468 611 δὲ
1511 570 1581 611 καὶ
1622 570 1719 611 τάδε
1760 571 1854 624 περὶ
1899 574 1985 611 τῶν

165 640 490 695 Πυθαγορείων,
521 642 583 687 ὡς
614 642 709 683 οὔτε
739 643 902 696 οἰκέτην
939 641 1136 683 ἐκόλασεν
1167 642 1306 687 οὐδεὶς
1342 642 1483 683 αὐτῶν
1513 641 1597 682 ὑπὸ
1627 641 1756 695 ὀργῆς
1785 642 1985 695 ἐχόμενος

165 714 260 754 οὔτε
306 716 392 753 τῶν
434 712 674 765 ἐλευθέρων
716 713 966 767 ἕνουθέτησέ
1007 728 1107 759 τινα,
1151 710 1225 767 (cf.
1268 710 1375 753 ibid.
1416 712 1499 753 101
1545 714 1666 753 εἴκειν
1709 713 1778 753 καὶ
1821 717 1984 765 κρατεῖν

163 783 324 838 ὀργῆς).
362 782 558 824 Dubium
588 782 725 837 igitur
754 797 845 824 non
878 786 955 834 est,
989 782 1096 837 quin
1120 782 1211 824 illis
1243 781 1454 836 exemplis
1485 795 1574 823 non
1605 783 1831 838 ἀοργησίας
1856 795 1984 836 prae-

166 856 340 907 ceptum
362 853 620 907 illustretur,
646 853 724 896 sed
747 853 794 895 id
818 856 1062 905 moneatur,
1088 857 1139 895 ut
1164 853 1240 907 qui
1264 852 1392 894 nimis
1415 853 1636 904 irascitur,
1661 852 1699 894 is
1725 853 1982 908 castigando

164 924 400 967 abstineat.
444 925 516 967 Ita
559 925 893 979 Theophrastus
937 938 1110 979 quoque
1154 924 1394 979 praecepit,
1437 924 1488 965 fr.
1523 925 1607 966 154
1638 923 1772 967 Wim.
1815 927 1867 966 οὗ
1898 926 1984 980 μὴν

163 997 266 1039 οὐδὲ
297 999 390 1050 μετ’
419 998 548 1052 ὀργῆς
578 998 788 1050 πρακτέον
806 1002 890 1043 τοῖς
909 998 1133 1051 φρονίμοις
1159 997 1285 1038 οὐδέν
1305 1029 1314 1038 .
1335 1029 1344 1036 .
1376 997 1482 1038 ὥστε
1504 997 1569 1038 δεῖ
1582 997 1686 1050 μήτε
1716 998 1761 1044 ἐξ
1779 997 1981 1051 ὗπογυίου

163 1072 250 1110 τῶν
280 1069 593 1123 ἁμαρτημάτων
622 1070 694 1114 τὰς
735 1069 935 1122 τιμωρίας
978 1069 1081 1121 μήτε
1124 1068 1241 1121 παρὰ
1277 1071 1358 1108 τῶν
1402 1069 1576 1109 οἰκετῶν
1614 1069 1716 1122 μήτε
1746 1068 1863 1121 παρὰ
1893 1072 1980 1109 τῶν

162 1139 304 1181 ἄλλων
347 1140 572 1194 λαμβάνειν
604 1155 643 1180 κ.
676 1156 706 1181 τ.
738 1139 772 1181 λ.
803 1138 959 1191 Neque
1003 1151 1030 1179 a
1074 1138 1319 1191 Peripati
1362 1137 1571 1179 ratione
1611 1137 1801 1179 alienum
1832 1142 1912 1190 est,
1945 1138 1982 1179 si

162 1209 352 1264 scriptor
377 1213 525 1251 monet
547 1210 594 1252 τὸ
623 1210 732 1251 πολὺ
763 1215 835 1264 τῆς
865 1210 1074 1263 ἀκρατοῦς
1106 1211 1176 1251 καὶ
1207 1210 1463 1263 μαινομένης
1493 1210 1683 1264 ὑφαιρεῖν
1714 1210 1856 1264 ὀργῆς,
1886 1210 1913 1251 i.
1946 1223 1981 1251 e.

161 1284 328 1323 rectam
368 1281 415 1322 in
445 1280 679 1322 irascendo
727 1280 1074 1322 moderationem
1120 1283 1340 1334 appetere.
1390 1278 1530 1334 Apud
1561 1279 1853 1322 Iamblichum
1894 1279 1922 1322 1.
1952 1279 1980 1322 l.

162 1351 435 1394 continentia
474 1352 570 1393 irae
602 1355 646 1393 et
676 1351 721 1393 in
764 1350 989 1406 puniendo
1022 1354 1066 1392 et
1104 1351 1151 1392 in
1196 1350 1385 1393 dicendo
1429 1350 1650 1404 laudatur,
1692 1351 1796 1393 item
1828 1366 1854 1393 a
1886 1351 1980 1393 Pe.-

162 1422 403 1465 Plutarcho
437 1422 628 1465 adicitur
659 1424 732 1478 τὴν
764 1424 956 1478 γλῶσσαν
990 1425 1183 1477 κατέχειν.
1218 1420 1342 1476 Quae
1375 1422 1513 1463 virtus
1544 1423 1782 1476 praecipue
1815 1422 1979 1477 Pytha-

161 1494 311 1548 gorica
343 1497 429 1536 est:
461 1493 693 1536 Iamblich.
737 1494 808 1536 De
839 1509 876 1535 v.
906 1494 1035 1548 Pyth.
1071 1495 1153 1536 195
1186 1495 1234 1535 τὰ
1265 1495 1359 1547 περὶ
1390 1500 1461 1549 τῆς
1491 1499 1654 1548 σιωπῆς
1675 1529 1715 1537 ..
1746 1495 1978 1549 παραγγέλ-

159 1582 283 1619 ματα,
325 1567 508 1619 φέροντα
539 1567 596 1612 εἷς
639 1567 926 1620 σωφροσύνης
969 1568 1158 1620 ἄσκησιν,
1202 1568 1373 1607 πάντων
1417 1566 1496 1620 γὰρ
1540 1565 1831 1619 χαλεπώτατόν
1874 1568 1978 1608 ἔστιν

161 1638 503 1691 ἑγκρατευμάτων
536 1637 578 1679 τὸ
610 1637 801 1691 γλώσσης
832 1636 1005 1691 κρατεῖν.
1040 1635 1295 1679 Similitudo
1329 1649 1428 1678 vero
1463 1635 1634 1677 accedit
1664 1635 1852 1690 plenior:
1883 1636 1974 1678 Ps.-

159 1706 428 1749 Plutarchus
460 1708 485 1748 9
508 1708 542 1748 F
577 1709 646 1750 καὶ
672 1709 739 1750 διὰ
765 1709 884 1749 τοῦτό
909 1724 983 1762 μοι
1009 1709 1129 1750 δοκεῖ
1148 1709 1220 1754 τὰς
1244 1708 1545 1762 μυστηριώδεις
1569 1708 1726 1754 τελετὰς
1752 1709 1792 1749 οἳ
1808 1708 1978 1750 παλαιοὶ

160 1779 398 1826 κατέδειξαν
430 1795 467 1820 κ.
499 1794 530 1819 τ.
561 1778 595 1819 λ.
628 1781 672 1819 et
701 1777 975 1820 Iamblichus
1006 1778 1037 1819 1.
1063 1778 1092 1820 l.
1120 1779 1175 1820 72
1204 1813 1211 1820 .
1238 1811 1245 1818 .
1278 1780 1323 1820 τὸ
1349 1779 1540 1832 γλώσσης
1566 1784 1739 1831 κρατεῖν,
1771 1779 1888 1820 καθὰ
1907 1780 1977 1820 καὶ

159 1850 241 1892 ὑπὸ
266 1854 351 1891 τῶν
370 1851 418 1891 τὰ
443 1851 646 1904 μυστήρια
672 1850 1050 1904 νομοθετησάντων
1068 1851 1308 1903 ἐμφαίνεται
1327 1851 1436 1903 ἡμῖν.
1463 1848 1671 1891 Modesta
1694 1848 1976 1890 taciturnitas

159 1935 187 1962 a
218 1920 406 1962 Platone
439 1933 614 1974 quoque
646 1919 874 1974 permagni
906 1922 1139 1961 aestimata
1164 1923 1231 1961 est
1260 1919 1374 1976 gPol.
1402 1921 1487 1961 425
1506 1918 1553 1961 A
1584 1922 1629 1961 et
1654 1917 1776 1962 Stob.
1800 1919 1898 1962 Ecl.
1925 1919 1976 1961 II

160 2005 202 2045 p.
228 1993 328 2045 212,
364 1992 450 2045 16).
482 1990 796 2045 Comparemus
827 1994 1059 2045 praeterea
1085 1989 1366 2042 Clementem,
1395 1991 1470 2044 qui
1497 1989 1630 2032 Paed.
1655 1990 1706 2032 II
1732 1992 1771 2042 7,
1798 1992 1973 2034 58-59

159 2063 366 2117 φλυαρίαν
389 2062 626 2116 vituperat:
671 2064 765 2104 οὔτε
802 2063 882 2116 γὰρ
913 2063 1253 2120 μακρολογητέον
1284 2062 1384 2104 ποτὲ
1416 2063 1511 2104 οὔτε
1540 2063 1846 2117 πολυλογητέον
1879 2065 1974 2105 οὔτε

160 2134 458 2188 ἀδολεσχητέον
492 2165 502 2174 .
536 2165 545 2174 .
579 2165 588 2174 .
628 2138 713 2175 τῶν
757 2138 859 2188 γοῦν
903 2135 1107 2187 φλυάρων
1141 2165 1150 2174 .
1183 2165 1194 2174 .
1227 2165 1236 2174 .
1276 2134 1382 2188 μόνη
1427 2135 1452 2187 ἡ
1499 2133 1655 2188 γλῶττα
1704 2134 1975 2187 περιλείπεται

157 2207 215 2251 εἰς
245 2206 420 2260 βλάβην.
452 2231 509 2235 —
552 2204 605 2246 In
647 2204 790 2258 prima
835 2204 1024 2258 denique
1065 2204 1239 2257 virtute,
1273 2202 1397 2258 'quae
1428 2204 1475 2245 in
1516 2203 1689 2258 argenti
1728 2204 1973 2258 cupiditate

159 2274 447 2329 opprimenda
466 2275 552 2316 sita
577 2278 655 2327 est,
684 2275 1060 2317 animadvertatur
1078 2273 1459 2317 Ps.-Plutarchum
1483 2274 1787 2316 tantummodo
1813 2274 1974 2317 bonam

157 2345 320 2387 famam
362 2346 579 2400 respicere
627 2348 702 2399 (10
723 2345 762 2386 Β
794 2347 867 2401 τὴν
912 2347 1041 2394 δόξαν
1084 2350 1169 2387 τῶν
1212 2348 1576 2401 προβεβιωμένων
1617 2344 1815 2402 ἐξέχεαν),
1859 2346 1974 2387 sicut

157 2417 491 2460 Ps.-Isocratem
523 2418 644 2471 Πρὸς
675 2418 783 2472 Δημ.
817 2419 887 2468 21,
925 2417 1001 2459 ubi
1038 2417 1285 2471 probantur
1321 2418 1464 2472 κέρδη,
1496 2418 1555 2459 δι’
1584 2416 1648 2459 ὧν
1672 2418 1974 2473 εὐδοκιμήσεις,

156 2489 260 2530 ἀλλὰ
292 2490 351 2544 μὴ
385 2490 448 2531 δι’
475 2488 538 2531 ὧν
570 2491 837 2543 εὐπορήσεις·
870 2502 940 2530 res
971 2487 1165 2542 vulgaris
1197 2488 1367 2542 vulgari
1398 2488 1568 2529 ratione
1599 2491 1830 2529 tractatur.
1882 2487 1973 2530 Sed

162 2563 446 2613 praeceptum
492 2574 518 2601 a
560 2558 845 2613 philosophia
888 2572 976 2600 non
1021 2558 1211 2600 alienum
1250 2562 1328 2606 est,
1366 2557 1421 2600 cf.
1463 2557 1697 2600 Iamblichi
1740 2559 1970 2614 Προτρεπτ.

162 2631 243 2672 120
263 2628 310 2671 Α
342 2663 350 2671 .
377 2662 386 2671 .
416 2661 425 2670 .
457 2631 773 2685 ἐγκρατέστατον
813 2647 857 2685 γε
895 2631 960 2672 δεῖ
993 2632 1094 2672 εἶναι
1120 2661 1129 2670 .
1156 2661 1166 2670 .
1193 2661 1201 2670 .
1233 2634 1420 2676 τοιοῦτος
1458 2630 1497 2671 δ’
1532 2632 1584 2671 ἂν
1623 2631 1807 2684 μάλιστα,
1843 2634 1885 2673 εἴ
1914 2649 1970 2678 τις

155 2704 242 2742 τῶν
291 2702 521 2755 χρημάτων
573 2703 777 2754 κρείσσων
827 2704 900 2755 εἴη.
951 2726 1008 2731 —
1050 2700 1106 2742 In
1155 2700 1240 2742 fine
1292 2701 1448 2754 capitis
1498 2700 1698 2754 exigitur,
1747 2705 1797 2741 ut
1844 2702 1971 2755 pueri

156 2784 328 2824 semper
370 2772 566 2813 veritatis
612 2771 851 2826 diligentes'
889 2772 989 2823 sint,
1033 2785 1131 2813 cum
1168 2771 1342 2813 mentiri
1378 2784 1432 2813 ne
1471 2784 1616 2813 servos
1661 2771 1839 2825 quidem
1882 2786 1969 2813 me-

157 2841 329 2883 diocres
380 2841 554 2895 deceat3
604 2843 766 2884 veritas
816 2844 861 2885 τὸ
911 2843 1277 2896 ἱεροπρεπέστατον
1326 2845 1440 2886 ἐστιν.
1490 2841 1791 2884 Consimiliter
1838 2843 1968 2885 Plato

155 2913 334 2966 scripsit
364 2911 472 2967 Leg.
510 2914 594 2955 730
616 2912 652 2955 C
696 2915 873 2968 ἀλήθεια
917 2914 963 2956 δὲ
1006 2915 1176 2955 πάντων
1220 2914 1399 2968 ἀγα-θῶν
1441 2914 1558 2960 θεοῖς
1601 2915 1762 2968 ἡγεῖται,
1799 2915 1968 2957 πάντων

156 2984 204 3025 δὲ
252 2984 512 3037 ἀνθρώποις.
564 2983 614 3038 ἧς
657 2985 681 3025 ὁ
726 2985 970 3038 γενήσεσθαι
1013 2985 1179 3037 μέλλων
1223 2985 1429 3038 μακάριός
1473 3001 1512 3026 τε
1555 2986 1624 3026 καὶ
1667 2985 1881 3039 εὐδαίμων
1923 2988 1970 3034 ἒξ

154 3056 289 3108 ἀρχῆς
339 3054 469 3100 εὐθὺς
518 3057 694 3109 μέτοχος
744 3057 822 3109 dm
869 3053 921 3096 cf.
971 3058 1200 3108 praeterea
1251 3054 1477 3097 Iamblich.
1527 3055 1685 3108 Προτρ.
1732 3055 1815 3097 114
1834 3054 1880 3097 A
1923 3058 1967 3099 τὸ

156 3125 236 3178 γὰρ
269 3125 489 3180 ἀληθεύειν
509 3158 517 3166 .
540 3157 549 3166 .
569 3158 578 3167 .
623 3128 775 3180 ἡγεῖται
796 3157 805 3166 .
829 3159 836 3167 .
863 3159 871 3166 .
912 3127 1083 3169 πάντων
1115 3131 1198 3168 τῶν
1230 3128 1425 3181 ἀγαθῶν;
1467 3126 1652 3180 Pythag.
1694 3126 1813 3180 apud
1834 3125 1966 3169 >St0b.

1826 3219 1870 3254 5,.
