2138 3438
903 122 1200 165 -23-

285 264 650 308 Ps.-Plutarchus
694 270 880 308 naturae
931 264 1150 307 defectum
1198 266 1240 315 (2
1268 264 1305 307 C
1353 266 1450 311 τοὺς
1496 267 1575 308 οὐκ
1619 266 1664 308 εὗ
1708 266 1962 321 πεφυκότας)

145 336 424 391 aliquatenus
461 340 583 378 recta
619 335 856 390 disciplina
895 340 1026 390 atque
1057 349 1140 377 usu
1171 334 1396 378 emendari
1426 351 1557 390 posse
1589 340 1748 379 censet.
1780 336 1841 378 Et
1872 338 1897 377 2
1917 335 1961 378 D

145 411 314 462 quanta
351 407 408 449 sit
444 407 509 449 vis
551 408 784 461 ἐπιμελείας
828 411 872 449 et
907 408 1044 450 πόνου
1081 406 1229 448 multis
1273 406 1485 460 exemplis
1530 407 1741 449 adhibitis
1785 408 1963 462 exponit

144 479 173 520 i.
205 492 242 520 e.
275 478 619 531 consuetudinis,
651 492 764 533 quae
796 477 879 520 hoc
909 477 1007 520 loco
1039 480 1143 525 ἔθος
1174 481 1218 519 et
1247 479 1433 532 μάθησιν
1466 477 1773 532 complectitur
1803 482 1963 520 natura

145 549 348 604 opposita
391 548 466 605 (cf.
504 550 530 590 3
550 548 596 591 A
633 551 713 604 ἔθη
753 551 823 592 καὶ
873 550 1133 592 διδασκαλίαι
1175 551 1245 592 καὶ
1288 551 1395 604 βίων
1439 551 1631 604 ἀγωγαί).
1683 549 1814 604 Quod
1857 550 1962 591 item

145 620 265 675 apud
315 624 485 663 ceteros
536 620 769 674 scriptores
821 620 1030 662 occurrit:
1079 619 1240 675 ubique
1285 619 1374 662 fere
1426 619 1707 662 condiciones
1756 619 1860 662 illae
1910 634 1960 662 eo

145 690 328 734 consilio
354 691 693 744 distribuuntur,
723 694 773 733 ut
795 691 1090 733 institutionis
1115 704 1308 745 ususque
1327 695 1596 733 momentum
1622 692 1669 732 in
1695 690 1962 745 perfectione

145 761 436 816 adipiscenda
452 762 675 818 probetur.
703 761 1018 816 Comparemus
1039 775 1074 804 e.
1094 776 1133 817 g.
1153 761 1468 816 Xenophontis
1489 762 1773 804 sententiam:
1799 761 1961 817 Cyrup.

144 833 265 878 VIII
291 835 330 885 5,
359 835 414 875 75
447 835 536 876 ἀλλ’
564 836 710 887 ὥσπερ
747 835 817 876 καὶ
849 836 891 876 αἱ
921 834 1040 876 ἄλλαι
1070 835 1207 888 τέχναι
1243 834 1516 888 ἀμεληθεῖσαι
1559 836 1727 886 μείονος
1764 835 1873 881 ἄξιαι
1910 835 1962 887 γί-

146 922 310 961 γνονται
345 907 416 947 καὶ
452 907 500 947 τὰ
536 907 715 961 σώματά
755 922 799 960 γε
843 906 890 947 τὰ
922 905 967 947 εὗ
994 908 1154 959 ἔχοντα,
1185 906 1341 947 ὁπόταν
1365 922 1421 951 τις
1453 906 1556 947 αὐτὰ
1575 906 1654 960 ἀνῇ
1679 907 1746 947 ἐπὶ
1771 905 1963 958 ῥᾳδιουρ-

146 979 250 1032 γίαν,
291 979 494 1032 πονήρως
531 977 654 1019 πάλιν
686 979 780 1031 ἔχει,
812 978 925 1019 οὕτω
952 978 1022 1018 καὶ
1045 977 1305 1031 σωφροσύνη
1332 992 1370 1018 κ.
1390 993 1419 1017 τ.
1440 977 1475 1018 λ.
1508 975 1787 1030 Quamquam
1812 988 1964 1018 sensus

93 1061 98 1065 ·
146 1047 260 1090 alius
291 1051 370 1099 est,
416 1046 548 1089 verba
592 1050 635 1089 et
672 1051 936 1101 argumenta
979 1046 1142 1088 similia
1185 1050 1288 1089 sunt
1331 1048 1392 1101 (αῖ
1423 1048 1543 1090 ἄλλαι
1576 1049 1710 1101 τέχναι
1741 1045 1960 1088 —Ps.-Pl.

147 1121 173 1160 2
193 1118 250 1170 A,
284 1120 448 1173 ἀμελεῖν
468 1143 523 1149 -
545 1123 571 1160 2
593 1117 629 1160 C
655 1132 720 1172 sq.
748 1118 800 1160 de
827 1118 869 1159 vi
901 1119 1132 1172 ἐπιμελείας
1163 1121 1207 1159 et
1230 1117 1271 1159 E
1298 1119 1553 1173 ἀμεληθεῖσα
1581 1122 1676 1170 etc„
1700 1119 1877 1172 σώματα
1904 1142 1960 1147 —-

146 1189 232 1235 2Ε
276 1192 376 1231 ποία
420 1190 467 1231 δὲ
509 1191 706 1243 σώματος
750 1190 867 1244 ἰσχύς
905 1206 942 1230 κ.
968 1206 999 1230 τ.
1024 1190 1071 1240 λ.,
1116 1191 1183 1231 ἐπὶ
1220 1190 1490 1244 ῥᾳδιουργίαν
1528 1215 1586 1221 -—
1625 1191 1650 1230 2
1673 1188 1708 1231 O
1745 1190 1964 1244 ῥᾳθυμία).

145 1260 384 1302 Praeterea
421 1259 605 1302 Memor.
635 1259 661 1301 I
693 1261 735 1311 2,
768 1261 824 1301 23
859 1259 1082 1315 (ἄσκησις),
1121 1259 1146 1301 Ι
1179 1261 1218 1310 6,
1254 1260 1275 1300 7
1311 1259 1403 1314 (ubi
1427 1262 1634 1301 naturam
1659 1273 1741 1301 usu
1766 1259 1963 1313 superari

147 1331 488 1373 demonstratur:
529 1333 570 1373 οἳ
594 1332 718 1387 φύσει
748 1332 1039 1373 ἀσθενέστατοι
1068 1336 1128 1385 τῷ
1159 1332 1323 1385 σώματι
1360 1332 1653 1386 μελετήσαντες
1683 1335 1770 1373 τῶν
1801 1333 1963 1385 ἰσχυρο-

145 1405 280 1445 τάτων
312 1403 611 1458 ἀμελησάντων
640 1405 851 1457 κρείττους
871 1435 879 1443 .
900 1434 910 1443 .
931 1434 940 1443 .
971 1404 1188 1456 γίγνονται,
1222 1400 1274 1443 cf.
1294 1400 1522 1462 *Pe-Plut.
1555 1403 1580 1443 2
1599 1401 1743 1443 D-—F
1774 1402 1820 1443 τὸ
1850 1404 1964 1455 παρὰ

147 1475 273 1529 φύσιν
308 1479 368 1528 τῷ
399 1475 521 1528 πόνῳ
551 1477 624 1516 τοῦ
655 1474 762 1516 κατὰ
793 1474 919 1528 φύσιν
948 1475 1107 1527 ἐγένετο
1139 1472 1352 1529 κρεῖττον),
1382 1472 1432 1514 II
1465 1473 1505 1524 1,
1539 1473 1594 1514 28
1629 1474 1774 1527 (πόνος
1806 1476 1850 1513 et
1879 1474 1963 1514 ἐπι-

149 1545 321 1599 μέλεια),
350 1543 426 1585 ΙΠ
459 1546 499 1596 9,
535 1546 556 1586 1
593 1543 770 1601 (πάντας
799 1545 879 1599 χρὴ
911 1545 983 1586 καὶ
1014 1545 1110 1590 τοὺς
1141 1545 1439 1599 εὐφυεστέρους
1463 1545 1535 1586 καὶ
1559 1543 1655 1590 τοὺς
1681 1544 1966 1597 ἀμβλυτέρους

146 1617 220 1670 τὴν
250 1616 378 1670 φύσιν
397 1648 406 1656 .
430 1648 439 1656 .
457 1646 467 1656 .
499 1616 569 1657 καὶ
595 1617 827 1669 μανθάνειν
851 1616 922 1657 καὶ
946 1617 1148 1669 μελετᾶν),
1172 1614 1222 1656 Π
1249 1615 1287 1667 6,
1314 1615 1382 1667 39,
1408 1614 1483 1656 III
1509 1616 1549 1665 3,
1573 1615 1640 1656 11.
1666 1613 1965 1656 Adiciendum

148 1690 226 1739 est,
251 1685 371 1740 quod
395 1685 759 1727 Ps.-Plutarchus
784 1686 833 1727 in
858 1685 1054 1739 exemplo
1082 1684 1222 1737 affert,
1253 1687 1277 1726 2
1299 1685 1339 1727 E
1366 1686 1452 1728 ἀλλ’
1477 1686 1732 1740 ἀμεληθεῖσα
1758 1684 1844 1741 (γῆ)
1870 1701 1963 1739 χερ-

148 1758 307 1799 σεύεται
345 1759 414 1799 καὶ
452 1758 543 1812 ὅσῳ
573 1762 621 1812 τῇ
653 1758 775 1811 φύσει
806 1758 981 1811 βελτίων
1012 1758 1126 1807 ἐστίν,
1170 1758 1358 1811 τοσούτῳ
1398 1757 1560 1811 μᾶλλον
1597 1758 1874 1811 ἐξαργηθεῖσα
1907 1757 1960 1798 δι’

148 1830 343 1883 ἀμέλειαν
374 1829 654 1880 ἐξαπόλλυται,
696 1827 725 1870 i.
758 1841 792 1870 e.
825 1827 990 1881 optima
1023 1841 1222 1882 quaeque
1266 1831 1427 1869 natura
1458 1827 1645 1868 maxime
1686 1840 1792 1869 cura
1830 1831 1964 1880 atque

148 1898 393 1941 exercendo
426 1902 544 1953 eget3
572 1898 624 1940 cf.
657 1898 867 1952 Xenoph.
892 1898 1025 1940 Mem.
1056 1898 1126 1942 IV
1155 1900 1192 1950 l,
1227 1900 1252 1940 3
1284 1900 1499 1942 ἐδίδασκεν
1526 1899 1810 1954 (Σωκράτης),
1836 1900 1897 1941 ὅτι
1922 1900 1965 1940 αἱ

149 1973 310 2025 ἄρισται
347 1971 552 2012 δοκοῦσαι
588 1972 690 2013 εἶναι
728 1971 873 2025 φύσεις
911 1971 1083 2024 μάλιστα
1114 1971 1302 2016 παιδείας
1333 1971 1497 2012 δέονται
1527 1986 1565 2012 κ.
1587 1986 1618 2011 τ.
1644 1970 1678 2011 λ.
1711 1968 1965 2024 Sequuntur

149 2041 363 2095 exempla,
402 2054 487 2094 quo
518 2040 566 2082 in
605 2054 787 2083 numero
826 2053 964 2094 equus
1000 2039 1221 2095 utrimque
1259 2042 1427 2094 pariter
1457 2039 1722 2082 illustratur:
1755 2039 1962 2094 Xenoph.

150 2117 236 2154 τῶν
266 2129 307 2154 τε
337 2114 481 2155 ἵππων
511 2112 608 2158 τοὺς
640 2113 937 2167 εὐφυεστάτους
968 2112 1210 2166 θυμοειδεῖς
1240 2129 1281 2153 τε
1314 2112 1383 2153 καὶ
1414 2112 1633 2166 σφοδροὺς
1663 2113 1797 2159 ὄντας,
1829 2114 1866 2153 εἰ
1887 2112 1966 2165 μὲν

150 2185 199 2226 ἐκ
230 2185 341 2226 νέων
365 2183 634 2236 δαμασθεῖεν,
660 2185 960 2239 χρηστοτάτους
980 2216 988 2224 .
1010 2216 1018 2224 .
1042 2215 1050 2224 .
1081 2185 1361 2238 γιγνομένους,
1387 2185 1425 2225 εἰ
1447 2184 1493 2225 δὲ
1513 2184 1746 2238 ἀδάμαστοι
1771 2185 1965 2236 γένοιντο,

151 2255 558 2301 δυσκαθεκτοτάτους
589 2278 645 2284 -
677 2253 887 2296 Ps.-Plut.
917 2254 942 2294 2
964 2253 1002 2295 F
1033 2257 1136 2300 τίνες
1169 2255 1207 2296 δ’
1227 2257 1346 2296 ἵπποι
1383 2256 1526 2300 καλῶς
1558 2254 1965 2308 πωλοδαμνηθέντες

150 2327 234 2369 οὐκ
271 2326 479 2372 εὐπειθεῖς
514 2327 703 2380 ἐγένοντο
725 2360 734 2368 .
759 2357 768 2366 .
791 2357 813 2376 .,
851 2328 954 2371 τίνες
993 2325 1038 2367 δὲ
1075 2326 1308 2379 ἀδάμαστοι
1338 2326 1545 2379 μείναντες
1578 2326 1628 2367 οὐ
1662 2325 1967 2379 σκληραύχενες

150 2398 220 2440 καὶ
243 2398 481 2451 θυμοειδεῖς
506 2398 738 2451 ἀπέβησαν,
769 2395 1005 2438 Platonem
1024 2395 1179 2437 eodem
1197 2395 1328 2437 modo
1349 2395 1535 2437 sensisse
1557 2398 1748 2437 constat:
1775 2395 1965 2437 Phaedr.

150 2469 238 2510 354
257 2467 306 2520 C,
336 2466 442 2521 Leg.
475 2468 559 2510 795
591 2467 715 2524 (ἔθος
750 2470 938 2509 naturae
977 2466 1207 2523 superius),
1245 2468 1328 2508 797
1351 2466 1391 2507 Ε
1426 2468 1548 2519 (ἔθος
1585 2470 1629 2508 et
1658 2469 1754 2522 βίου
1786 2465 1963 2522 ἀγωγή),

150 2538 280 2581 Polit.
311 2539 397 2580 491
418 2538 462 2579 D
507 2539 660 2585 παντὸς
703 2540 941 2592 σπέρματος
972 2539 1067 2591 πέρι
1087 2571 1095 2579 .
1116 2570 1125 2579 .
1146 2571 1154 2579 .
1187 2540 1317 2591 ἴσμεν,
1359 2538 1418 2579 ὅτι
1455 2537 1500 2578 τὸ
1537 2539 1596 2592 μὴ
1629 2538 1754 2592 τυχὸν
1790 2543 1964 2593 τροφῆς,

151 2610 201 2665 ἧς
237 2611 440 2664 προσήκει
479 2611 656 2664 ἑκάστῳ,
698 2611 801 2664 μηδ’
830 2611 948 2663 ὥρας
985 2609 1094 2664 μηδὲ
1131 2609 1277 2659 τόπου,
1322 2609 1413 2662 ὅσῳ
1449 2610 1502 2649 ἂν
1532 2610 1894 2662 ἐρρωμενέστερον
1923 2610 1967 2664 ᾗ,

150 2681 336 2734 τοσούτῳ
365 2681 571 2723 πλειόνων
601 2681 713 2722 ἐνδεῖ
740 2685 823 2722 τῶν
853 2680 1112 2734 πρεπόντων,
1145 2677 1269 2734 (item
1294 2679 1456 2733 ψυχαί).
1489 2677 1698 2732 Corporis
1718 2678 1964 2733 exemplum

153 2749 330 2803 (Ps.-Pl.
361 2752 387 2792 2
408 2750 468 2806 E)
501 2755 545 2792 et
580 2753 806 2806 γυμνασίας
844 2750 907 2791 vis
944 2750 1112 2803 pariter
1149 2748 1404 2803 exprimitur
1430 2748 1610 2791 Theaet.
1646 2751 1729 2791 153
1750 2749 1790 2791 B
1821 2752 1846 2805 ἡ
1880 2756 1964 2793 τῶν

151 2823 365 2876 σωμάτων
400 2823 483 2870 ἕξις
518 2823 598 2876 οὐχ
635 2822 720 2864 ὑπὸ
751 2823 926 2876 ἡσυχίας
955 2821 1034 2876 μὲν
1072 2821 1141 2862 καὶ
1173 2822 1318 2875 ἀργίας
1351 2821 1566 2868 διόλλυται,
1609 2822 1692 2862 ὕπὸ
1724 2823 1964 2875 γυμνασίων

155 2893 200 2936 δὲ
231 2893 301 2934 καὶ
331 2894 537 2947 κινήσεων
568 2894 630 2939 ὡς
660 2893 727 2934 ἐπὶ
756 2892 864 2933 πολὺ
896 2892 1088 2946 σῴζεται;
1128 2889 1274 2945 Quare
1307 2890 1437 2932 huius
1470 2890 1628 2944 capitis
1660 2894 1965 2944 argumentum

155 2977 181 3005 a
210 2963 592 3005 Socraticorum
617 2961 685 3004 vel
709 2962 857 3016 potius
884 2976 1034 3004 eorum
1060 2961 1263 3015 aetatis1)
1289 2961 1631 3016 cogitationibus
1659 2961 1849 3003 alienum
1875 2976 1963 3003 non

295 3055 324 3100 1)
347 3055 491 3090 Eadem
515 3054 592 3090 fere
618 3040 806 3090 sententia
825 3054 1003 3090 Isocratis
1022 3058 1092 3090 est:
1123 3055 1218 3101 Περὶ
1235 3053 1356 3090 ἀντιδ.
1380 3055 1446 3090 186
1473 3060 1589 3090 ταῦτα
1609 3081 1617 3089 .
1639 3082 1647 3090 .
1669 3079 1678 3088 .
1703 3056 1802 3090 κατὰ
1820 3060 1964 3090 πασῶν

154 3116 330 3161 λέγομεν
361 3119 442 3150 τῶν
472 3119 637 3161 τεχνῶν;
677 3117 812 3149 natura
843 3114 994 3159 quidem
1020 3115 1144 3159 potior
1169 3116 1237 3159 est,
1269 3113 1334 3148 sed
1359 3114 1462 3159 (191)
1500 3115 1707 3159 κάκείνους
1737 3115 1850 3159 ἴσμεν
1874 3116 1964 3158 τοὺς
