2138 3438
918 150 1210 193 ..85-

157 290 554 343 Ps.-Plutarchum,
589 291 666 344 qui
698 292 725 332 4
743 289 789 332 A
821 291 866 332 in
897 290 1081 332 servulis
1113 291 1275 346 exigat,
1313 295 1363 333 ut
1394 291 1483 333 sint
1512 291 1725 346 Ἑλληνικὰ
1756 294 1826 334 καὶ
1855 294 1969 346 περί-

158 379 284 417 τρανα
315 363 462 410 λαλεῖν,
491 362 538 403 in
567 361 813 403 nutricibus
840 375 1026 416 quoque,
1059 376 1159 404 cum
1182 367 1354 416 πρῶτον
1372 363 1449 416 μὲν
1468 368 1551 409 τοῖς
1570 364 1714 418 ἤθεσιν
1732 357 1970 418 Ἑλληνίδας

156 433 368 488 postulat,
397 446 641 476 sermonem
661 432 884 476 Graecum
909 447 963 475 ac
982 447 1141 488 purum
1166 433 1413 488 significare
1439 432 1674 476 verisimile
1695 437 1773 476 est.
1806 434 1968 489 Quam-

157 518 290 559 quam
325 505 480 559 negari
510 518 598 546 non
637 508 786 558 potest
814 504 932 546 hane
970 504 1303 547 similitudinem
1339 504 1477 546 levem
1510 518 1617 556 esse,
1665 504 1785 559 quod
1817 519 1843 546 a
1874 505 1969 547 Ps.-

156 575 400 618 Plutarcho
449 579 567 618 recte
617 576 794 618 dicendi
843 576 957 618 ratio
1007 590 1098 618 non
1147 576 1417 630 exprimitur,
1469 579 1618 618 tamen
1668 575 1806 619 adest.
1850 575 1970 631 Quid

157 646 319 690 deinde
350 646 471 702 apud
500 651 734 701 utrumque
779 647 1038 702 scriptorem
1074 646 1253 689 valeant
1289 648 1336 688 in
1367 646 1632 689 educatione
1662 646 1772 702 laus,
1814 646 1968 699 honor,

157 717 407 772 aemulatio,
444 718 726 773 vituperatio,
770 718 877 760 item
910 719 1066 772 quanti
1105 720 1165 760 sit
1194 718 1393 760 remissio
1436 717 1636 760 laborum
1673 722 1717 760 et
1746 717 1869 759 lusus
1900 717 1968 760 fa-

157 790 352 844 ciendus,
396 805 531 845 supra
562 791 809 845 expositum
841 794 920 833 est.
964 790 1053 833 Ubi
1085 789 1282 833 Senecae
1319 789 1429 831 locis
1462 789 1636 832 collatis
1673 788 1792 831 effici
1829 789 1969 831 visum

156 866 224 904 est
256 875 333 903 eas
365 875 434 904 res
470 861 673 903 mediae
706 860 866 904 Stoae
905 862 1069 916 optime
1102 861 1346 903 convenire.
1391 861 1516 916 Quae
1550 860 1804 903 coniectura
1834 861 1968 902 etiam

158 934 318 976 certior
356 947 379 976 e
411 933 679 989 Quintiliani
717 946 849 987 opere
884 932 1101 975 redditur:
1146 932 1171 974 I
1203 934 1243 984 3,
1278 933 1304 974 6
1335 946 1528 987 quonam
1558 932 1682 974 modo
1715 933 1969 974 tractandus

155 1005 217 1046 sit
244 1005 450 1047 discentis
480 1006 674 1059 animus,
706 1004 893 1046 disserit.
926 1003 1016 1045 Hic
1034 1004 1217 1047 animus
1247 1017 1403 1057 nempe
1430 1002 1553 1045 aliud
1585 1001 1805 1057 significat
1836 1016 1968 1056 quam

156 1089 278 1118 mens
315 1075 383 1117 vel
420 1075 660 1130 ingenium,
707 1075 760 1117 de
799 1074 958 1128 quibus
990 1074 1236 1117 tractandis
1276 1073 1440 1128 ubique
1474 1074 1631 1129 agitur.
1681 1074 1807 1129 Quae
1838 1073 1884 1114 in
1916 1087 1967 1115 eo

154 1147 342 1188 maxime
361 1145 524 1198 valent,
550 1147 759 1200 ambitus,
783 1146 1039 1201 obiuryatio,
1063 1146 1213 1200 honor,
1239 1159 1338 1187 eum
1364 1146 1462 1186 cum
1481 1144 1711 1187 affectibus
1732 1143 1967 1186 cohaerere

156 1218 473 1269 demonstrant,
516 1217 649 1259 etiam
692 1217 804 1259 nihil
847 1215 970 1259 aliud
1013 1230 1108 1258 esse
1151 1217 1239 1258 nisi
1270 1215 1506 1258 affectuum
1544 1215 1811 1268 facultatem,
1855 1228 1968 1269 quae

156 1287 330 1332 Graece
362 1290 502 1343 θυμός
534 1288 670 1330 audit.
702 1288 875 1330 Eodem
904 1287 1034 1329 modo
1062 1286 1279 1330 Senecam
1311 1287 1551 1329 secuudum
1582 1286 1868 1328 Posidonium
1898 1286 1968 1328 De

154 1360 222 1402 ira
253 1359 303 1401 II
335 1362 388 1402 21
425 1360 479 1402 de
510 1360 656 1401 animo
688 1359 883 1413 regendo
916 1362 959 1401 et
990 1360 1074 1413 ira,
1105 1373 1218 1412 quae
1250 1362 1295 1400 et
1325 1359 1425 1413 ipsa
1455 1360 1586 1413 θυμῷ
1619 1357 1855 1400 consimilis
1886 1361 1967 1409 est,

153 1434 275 1474 recte
312 1430 527 1473 vertenda
565 1445 616 1472 ac
648 1431 885 1473 tractanda
916 1434 1158 1484 praecepta
1196 1430 1301 1472 dare
1335 1433 1522 1471 constat.
1571 1428 1729 1482 Neque
1762 1443 1871 1482 opus
1902 1432 1969 1470 est

156 1501 343 1556 amplius
376 1502 662 1556 comprobare
690 1502 837 1544 omnia
860 1501 940 1543 illa
966 1501 1232 1557 Quintiliani
1256 1504 1497 1555 praecepta
1522 1501 1563 1543 ei
1594 1500 1966 1555 psychologiae

155 1573 318 1627 optime
351 1572 420 1614 vel
453 1572 535 1614 soli
566 1573 848 1627 respondere,
882 1587 1015 1627 quam
1034 1572 1301 1614 Posidonius
1334 1576 1467 1626 atque
1499 1572 1647 1613 media
1672 1569 1781 1613 Stoa
1814 1574 1967 1612 contra

154 1647 344 1686 veterem
374 1643 600 1698 professus
632 1647 709 1686 est.
742 1642 832 1686 Sed
865 1643 1022 1685 eadem
1046 1642 1249 1685 Platonis
1282 1646 1326 1684 et
1356 1642 1556 1696 Peripati
1587 1642 1826 1684 communis
1859 1646 1966 1684 erat.

155 1715 304 1770 Quare
337 1713 669 1769 Quintiliani
702 1718 753 1756 et
777 1714 1157 1756 Ps.·Plutarchi
1190 1714 1418 1768 opiniones
1446 1717 1737 1767 congruentes
1761 1726 1967 1767 magnam

154 1790 326 1841 partem
348 1784 522 1828 mediae
550 1784 684 1828 Stoae
710 1785 1000 1827 vindicandas
1029 1798 1138 1837 esse,
1164 1789 1214 1826 ut
1233 1788 1301 1827 est
1326 1783 1572 1835 verisimile,
1604 1785 1668 1827 ita
1685 1784 1862 1826 minime
1887 1799 1966 1838 pro

155 1861 277 1899 certo
317 1855 526 1898 contendi
563 1860 720 1910 potest.
770 1855 836 1897 At
867 1857 972 1910 quia
1011 1856 1056 1897 in
1087 1859 1215 1897 tanta
1245 1869 1390 1897 rerum
1433 1854 1721 1897 similitudine
1752 1855 1967 1897 nonnulla

155 1931 426 1982 argumenta,
451 1927 676 1978 tractatio,
709 1927 844 1969 verba
867 1927 1046 1969 minime
1073 1930 1330 1981 congruunt,
1362 1940 1448 1968 eos
1482 1926 1768 1980 scriptores
1799 1939 1964 1980 neque

156 1997 379 2040 alterum
412 2011 469 2039 ex
504 1997 673 2039 altero
705 2011 872 2051 neque
907 1997 1050 2039 ambo
1083 2011 1141 2039 ex
1165 2011 1265 2038 uno
1293 1997 1576 2051 eodemque
1604 2000 1817 2039 auctore
1849 2011 1965 2052 pen-

156 2068 291 2119 dere,
333 2068 431 2110 sed‘
455 2068 762 2110 tantummodo
807 2082 975 2110 rerum
1012 2072 1212 2122 partem
1250 2069 1525 2122 utriusque
1560 2068 1611 2110 in
1643 2068 1856 2110 eandem
1886 2068 1967 2110 vel

156 2140 207 2181 in
240 2139 441 2187 similes
473 2139 808 2194 pilosophias
846 2139 1191 2181 revocandam
1222 2152 1334 2181 6666
1377 2143 1543 2181 certum
1576 2138 1777 2192 equidem
1809 2138 1964 2182 habeo,

156 2209 366 2265 Sequitur
397 2210 452 2253 de
483 2211 775 2266 Quintiliano,
806 2215 857 2252 ut
888 2224 1003 2264 quae
1035 2210 1230 2264 praebet,
1270 2209 1481 2264 pleraque
1514 2208 1663 2252 Stoico
1698 2210 1867 2251 auctori
1900 2214 1965 2252 at-

154 2282 414 2334 tribuamus,
460 2282 537 2336 qui
568 2281 717 2336 aliquo
751 2282 880 2323 modo
914 2296 1012 2323 cum
1050 2281 1197 2323 media
1228 2279 1338 2324 Stoa
1370 2282 1630 2323 coniunctus
1662 2283 1708 2322 in
1746 2281 1966 2323 educandi

155 2353 435 2407 opinionibus
462 2367 594 2408 saepe
613 2353 850 2408 Chrysippi
875 2352 1121 2394 doctrinam
1146 2357 1322 2394 secutus
1347 2356 1454 2406 erat,
1486 2352 1546 2393 de
1573 2351 1963 2394 Ps.-Plutarcho

154 2424 272 2476 item,
304 2428 355 2465 ut
380 2439 512 2478 quae
539 2425 634 2466 sine
661 2424 796 2466 dubio
825 2423 1005 2467 Stoica
1036 2423 1207 2475 habet,
1238 2424 1428 2465 maxima
1447 2437 1500 2465 ex
1519 2427 1646 2477 parte
1670 2424 1722 2465 in
1746 2423 1964 2466 mediam

156 2493 331 2537 Stoam
370 2509 622 2537 revocemus
674 2495 741 2537 vel
784 2495 938 2549 potius
980 2508 1033 2536 ex
1075 2494 1155 2536 illa
1198 2493 1374 2536 fluxisse
1419 2498 1638 2548 putemus;
1688 2509 1800 2548 quae
1845 2495 1964 2549 apud

154 2569 387 2620 utrumque
414 2566 661 2621 Chrysippo
689 2566 837 2608 danda
863 2565 1078 2617 videntur,
1111 2579 1164 2607 ea
1191 2570 1309 2607 certo
1337 2569 1450 2617 sunt,
1483 2579 1596 2619 quae
1620 2565 1683 2607 ibi
1709 2580 1882 2620 quoque
1908 2566 1962 2609 de

154 2639 300 2678 vetere
332 2635 442 2678 Stoa
471 2637 692 2679 translata
722 2637 945 2679 valebant.

298 2707 347 2750 Si
378 2707 615 2763 Chrysippi
647 2709 846 2763 quaestio
879 2709 942 2750 ita
974 2708 1253 2759 diiudicatur,
1284 2721 1375 2750 non
1399 2706 1579 2749 difficile
1612 2712 1680 2750 est
1709 2708 1963 2763 intellegere

155 2777 479 2820 Ps.-Plutarchi
514 2779 664 2821 libello
696 2778 911 2822 nonnulla
941 2781 1102 2830 inesse,
1146 2792 1331 2833 quorum
1364 2779 1484 2832 origo
1516 2779 1658 2833 prima
1689 2779 1808 2833 apud
1839 2779 1963 2821 illum

156 2849 414 2903 quaerenda
445 2853 522 2891 est.
570 2849 688 2892 Nam
725 2854 775 2891 ut
805 2849 932 2892 nobis
976 2850 1211 2904 probatum
1247 2852 1315 2891 est
1343 2848 1464 2891 illius
1504 2849 1665 2891 librum
1695 2852 1839 2904 ipsum
1870 2851 1963 2893 Ps.-

155 2918 387 2961 Plutarchi
418 2919 584 2962 fontem
615 2935 706 2963 non
736 2921 890 2972 fuisse,
935 2922 1000 2962 ita
1031 2935 1163 2975 quam
1193 2919 1333 2962 multa
1374 2924 1451 2962 aut
1487 2934 1631 2974 pauca
1668 2935 1747 2975 per
1778 2921 1963 2964 aliorum

155 2991 321 3045 scripta
351 2991 398 3032 in
423 2990 539 3032 hunc
566 2992 824 3045 scriptorem
847 2991 972 3033 illinc
996 2991 1215 3043 fluxerint,
1250 2990 1430 3034 definire
1461 3005 1588 3033 nemo
1620 2995 1778 3046 potest.
1811 2990 1963 3047 Atque

155 3062 219 3103 ita
248 3060 437 3116 Dyroffii
478 3066 782 3116 argumentum
825 3076 931 3104 sane
957 3062 1077 3104 haud
1103 3062 1397 3117 spernendum
1433 3062 1645 3117 explicari
1674 3064 1829 3118 possit,
1875 3078 1961 3118 quo

157 3131 348 3184 Sotadis,
379 3132 604 3175 Theocriti
635 3133 708 3189 (11
730 3132 908 3190 A—C),
940 3133 1183 3188 Eurydices
1213 3133 1289 3191 (14
1310 3133 1369 3190 B)
1401 3134 1601 3188 exempla
1633 3134 1686 3176 ob
1718 3138 1962 3190 temporum
