2138 3438
990 154 1047 159 —
1110 129 1165 171 38
1215 153 1284 168 .——

228 276 374 315 τοῦτον
406 273 472 314 ἐπὶ
502 273 767 327 παιδαγωγίᾳ
805 273 1105 325 κατατάττουσι,
1142 271 1190 313 τὰ
1229 271 1351 325 φύσει
1389 272 1609 324 τιμιώτατα
1642 277 1724 319 τοῖς
1755 273 2049 320 εὐτελεστάτοις
2123 290 2138 301 ’-

229 344 422 390 διδόντες.
470 342 776 396 Cogitationes
813 341 945 396 plane
986 344 1254 395 congruunt:
1304 340 1665 384 Ps.-Plutarchus
1704 356 1878 397 quoque
1909 341 2045 397 paulo
2075 381 2080 386 ‚

228 418 330 467 post
360 415 406 469 <4
426 412 484 470 Ε)
517 417 666 468 patres
697 413 885 466 incusat,
917 413 1037 467 quod
1068 412 1249 455 cuilibet
1279 412 1343 454 rei
1361 411 1467 466 ‘plus
1501 427 1633 455 curae
1660 417 1793 467 atque
1818 414 2045 468 impensae

229 484 456 536 adhibent,
490 499 622 539 quam
652 484 891 527 liberorum
922 487 1070 526 rectae
1103 483 1356 525 eruditioni.
1393 483 1524 526 Hanc
1555 498 1658 536 rem,
1700 499 1812 539 quae
1845 499 1943 527 cum
1975 485 2046 538 iis,
2108 537 2110 540 ‚

230 569 344 609 quae
378 556 602 610 superiore
637 556 781 610 capite
813 559 1006 597 tractata
1033 558 1147 607 sunt,
1181 555 1398 596 artissime
1426 554 1642 608 cohaeret,
1672 569 1762 598 non
1786 556 1930 598 minus
1955 555 2046 599 late

229 626 416 681 viguisse
449 627 680 668 verisimile
715 630 791 668 est.
822 625 947 668 Nihil
981 626 1142 668 certius
1174 626 1309 679 igitur
1342 626 1394 668 de
1420 626 1504 667 hoc
1529 625 1626 668 loco
1654 626 1864 668 contendi
1888 630 2047 681 potest,

228 698 313 740 nisi
351 697 463 740 forte
502 698 599 752 quis
631 697 892 752 Hieronymi
934 697 1224 739 imitationem
1269 697 1529 751 suspicatur.
1579 722 1622 728 —
1663 696 1860 741 Socratis
1897 698 2044 750 verba,

229 783 343 822 quae
365 769 625 811 adferuntur
650 771 676 811 4
696 769 749 822 E,
783 769 902 823 apud
928 769 1161 822 scriptores
1187 768 1478 810 usitatissima
1503 772 1630 810 erant
1654 771 1708 821 (v.
1730 768 2044 823 Wyttenbach.

231 842 497 892 Ammona).
537 840 790 883 Consimilis
822 840 942 881 locus
976 843 1119 882 exstat
1157 840 1203 882 in
1236 838 1379 882 Ocelli
1411 839 1585 881 Lucani
1616 839 1901 894 Pythagorici
1930 839 2044 882 libro

230 912 322 964 (Fr.
354 911 425 965 ph.
460 910 538 954 Gr.
574 911 699 953 Mull.
731 926 768 954 v.
799 911 823 953 I
847 927 887 966 p.
910 911 1014 967 388)
1040 912 1063 966 ξ
1086 912 1154 962 14,
1187 911 1263 952 ubi
1289 925 1435 952 rerum
1462 924 1652 953 conexus
1677 911 1794 953 idem
1820 915 1888 953 est
1912 914 2046 965 atque

229 982 314 1023 hic.
341 982 454 1024 Item
474 986 706 1037 parentum
733 982 921 1024 avaritia
948 987 990 1025 et
1009 982 1147 1024 nimia
1173 982 1218 1024 in
1244 983 1454 1036 magistro
1481 982 1751 1024 instituendo
1776 982 2048 1037 parsimonia

230 1054 407 1107 saepius
433 1053 778 1108 reprehenditur.
803 1054 858 1095 In
878 1053 1174 1108 Theophrasti
1198 1053 1362 1105 libello,
1391 1053 1464 1107 qui
1483 1053 1735 1096 inscribitur
1754 1053 2046 1109 Χαρακτῆρες,

149 1170 156 1179 .
228 1125 276 1166 in
306 1129 589 1182 μεμψιμοιρία
631 1125 869 1167 tractanda
907 1124 1088 1182 (XVII)
1125 1125 1163 1167 is
1197 1124 1460 1179 depingitur,
1501 1125 1580 1178 >qui
1620 1127 1680 1179 (7)
1717 1123 1855 1166 filium
1891 1128 2047 1167 natum

231 1209 361 1250 aegre
391 1195 492 1251 fert,
524 1197 643 1251 quod
675 1199 721 1238 in
754 1197 998 1238 eruditione
1031 1210 1238 1250 magnam
1263 1197 1498 1250 pecuniam
1523 1196 1800 1250 impensurus
1826 1199 1910 1246 est;
1939 1194 2045 1238 ibid.

231 1266 381 1309 XXX
414 1270 731 1323 αἰσχροκέρδεια
763 1268 809 1309 111
841 1282 891 1309 eo
925 1281 1099 1321 quoque
1132 1271 1198 1309 est
1230 1268 1337 1322 (14),
1384 1267 1460 1320 qui
1492 1266 1545 1308 de
1577 1267 1778 1320 pecunia,
1811 1280 1924 1321 quae
1955 1280 2046 1308 ma-

191 1382 199 1399 ,
228 1339 365 1392 gistro
399 1339 596 1390 debetur,
642 1340 678 1381 si
710 1339 848 1381 feriae
879 1339 1190 1390 interveniunt,
1237 1338 1410 1380 demere
1442 1337 1546 1381 vult.
1590 1337 1889 1380 Conferantur
1917 1351 2046 1392 prae-

229 1413 351 1452 terea
382 1410 444 1452 M.
476 1410 707 1453 Terentius
739 1410 899 1462 Varro,
935 1410 1072 1453 Catus
1105 1410 1158 1452 de
1190 1409 1266 1452 lib.
1294 1409 1416 1451 educ.
1447 1409 1503 1451 fr.
1536 1409 1586 1451 II
1611 1410 1742 1451 Riese
1768 1424 1819 1452 em
1845 1423 1928 1464 qao
1947 1423 2046 1464 per-

228 1483 428 1536 spicuum
465 1486 527 1524 est
557 1483 761 1524 maiorem
792 1496 941 1524 euram
971 1482 1122 1523 habere
1159 1495 1239 1523 nos
1276 1482 1529 1536 marsuppii
1557 1494 1691 1536 quam
1721 1482 1834 1522 vitae
1865 1484 2048 1531 nostrae,

229 1553 451 1595 Iuvenalis
483 1557 566 1595 sat.
600 1555 623 1596 7
657 1569 693 1595 V.
729 1554 811 1595 187
851 1567 919 1595 ‘res
950 1554 1077 1595 ‘nulla
1113 1552 1301 1594 minoris
1332 1552 1545 1594 constabit
1567 1552 1708 1606 patri,
1745 1565 1878 1606 quam
1897 1551 2048 1606 filiu-3,

229 1624 455 1666 Lucianus
501 1625 555 1666 de
586 1639 716 1666 merc.
761 1624 886 1666 cond.
921 1625 987 1666 19.
1039 1622 1188 1677 Atque
1227 1638 1340 1677 quae
1378 1623 1510 1665 fuerit
1545 1621 1958 1677 philosophoruml)
1991 1621 2046 1664 de

229 1695 431 1738 mercede
464 1691 725 1750 accipienda
750 1696 980 1746 sententia,
1010 1695 1081 1737 hic
1108 1694 1412 1737 disserendum
1435 1708 1524 1736 non
1551 1698 1617 1735 est
1640 1707 1780 1748 neque
1807 1707 1913 1736 sane
1939 1692 2048 1748 quid

231 1767 460 1822 senserint,
491 1767 626 1809 ullius
651 1768 859 1809 momenti
885 1771 963 1820 est,
995 1766 1113 1820 quod
1145 1763 1296 1808 revera
1328 1779 1478 1808 omnes
1511 1764 1799 1819 accipiebant.
1831 1764 1920 1806 Hic
1951 1765 2047 1818 qui-

232 1838 329 1880 dem
362 1839 551 1893 scriptor
590 1838 637 1880 id
667 1838 794 1880 valde
828 1838 930 1893 agit,
974 1842 1022 1880 ut
1053 1838 1255 1892 patribus
1287 1836 1555 1891 persuadeat
1598 1850 1748 1878 curam
1785 1836 2046 1878 eruditionis

230 1910 526 1951 necessariam
553 1923 660 1962 esse,
694 1923 790 1951 eam
818 1909 997 1962 scilicet,
1024 1923 1138 1963 quae
1163 1909 1209 1950 in
1229 1909 1442 1963 magistro
1463 1907 1708 1950 liberaliter
1726 1907 2046 1949 remunerando

230 1984 309 2022 est.
356 1980 486 2035 Quod
519 1985 594 2022 aut
638 1981 731 2022 eius
769 1981 996 2034 proprium
1042 1985 1119 2022 aut
1158 1970 1393 2022 cuiuslibet
1425 1980 1618 2021 auctoris
1651 1992 1746 2021 esse
1790 1981 1949 2033 potest.
1998 1976 2047 2021 Si

229 2052 363 2106 igitur
389 2067 441 2095 ex
465 2052 791 2094 Ps.-Plutarchi
816 2052 958 2094 verbis
986 2051 1155 2105 aliquid
1183 2051 1389 2093 concludi
1413 2055 1575 2105 potest:
1608 2050 1836 2105 scriptoris
1859 2051 2047 2093 maxime

230 2124 442 2165 interesse
473 2124 646 2165 videtur
675 2124 912 2178 magistros
944 2122 1190 2165 liberaliter
1223 2137 1275 2164 ac
1301 2121 1506 2164 munifice
1533 2123 1732 2174 tractari,
1767 2122 1903 2176 quod
1934 2123 2046 2177 ipse

231 2195 481 2249 magister
514 2198 602 2236 est.

374 2266 615 2320 Reliquum
648 2269 726 2319 est,
756 2269 807 2307 ut
838 2265 891 2307 de
923 2265 977 2306 iis
1010 2264 1142 2306 rebus
1175 2278 1450 2318 quaeramuS,
1489 2277 1602 2318 quae
1634 2263 1682 2305 in
1712 2263 1972 2318 paedagogo
2003 2266 2049 2305 et

230 2341 276 2379 in
316 2339 527 2392 magistro
572 2339 821 2392 exiguntur:
869 2339 895 2379 4
921 2337 961 2379 B
1001 2339 1066 2380 δεῖ
1100 2338 1145 2379 δὲ
1185 2338 1255 2379 τὸν
1287 2338 1517 2379 σπουδαῖον
1555 2337 1826 2391 παιδαγωγὸν
1861 2342 2048 2379 τοιοῦτον

230 2412 332 2452 εἶναι
362 2411 436 2464 τὴν
474 2411 612 2465 φύσιν,
657 2410 830 2463 οἷόσπερ
868 2409 922 2463 ἧν
959 2410 982 2450 ὁ
1021 2409 1165 2457 Φοῖνιξ
1202 2410 1225 2450 ὁ
1256 2413 1329 2450 τοῦ
1356 2408 1575 2462 Ἀχιλλέως
1611 2408 1894 2462 παιδαγωγός.
1944 2407 2047 2449 Iure

232 2481 603 2534 Wyttenbachius
624 2494 676 2522 ea
694 2480 826 2522 verba
846 2479 1045 2534 intellegi
1065 2493 1154 2521 non
1173 2493 1303 2534 posse
1329 2479 1513 2532 censuit3
1541 2479 1728 2532 scriptor
1747 2478 1875 2530 enim,
1901 2477 2046 2532 qualis

232 2551 365 2603 fuerit
395 2551 604 2603 Phoenix,
649 2566 738 2593 non
771 2551 992 2605 explanat.
1038 2549 1164 2604 Quae
1199 2550 1386 2592 obscura
1419 2549 1681 2604 significatio
1714 2549 1926 2603 explicari
1957 2563 2047 2591 non

232 2626 389 2678 potest,
433 2623 519 2664 nisi
558 2623 817 2677 scriptorem
856 2626 933 2663 aut
973 2622 1167 2664 auctoris
1213 2622 1282 2663 sui
1321 2624 1625 2676 argumentum
1656 2620 1925 2675 praecidisse
1969 2624 2048 2662 aut

232 2698 519 2748 praeceptum
554 2694 759 2736 alicunde
802 2696 991 2748 petitum
1028 2697 1190 2735 temere
1228 2693 1466 2734 inseruisse
1498 2695 1715 2747 putamus.
1760 2690 1808 2734 Si
1846 2705 1960 2745 quae
1992 2690 2046 2733 de

232 2765 469 2807 Phoenicis
503 2769 595 2807 arte
629 2765 847 2807 educandi
878 2764 1127 2815 traduntur,
1159 2777 1465 2818 comparamus
1497 2763 1645 2817 (Hom.
1670 2763 1722 2804 ΙΙ.
1747 2762 1822 2804 ΙΧ
1849 2764 1934 2805 438
1965 2764 2045 2818 μύ-

233 2839 331 2878 θων
366 2854 407 2878 τε
445 2838 594 2891 ῥητῆρ’
622 2839 763 2891 ἔμεναι
793 2839 1013 2891 πρηκτῆρά
1050 2853 1090 2878 τε
1123 2838 1271 2891 ἔργων,
1316 2835 1484 2888 Cicero,
1518 2834 1586 2876 De
1619 2848 1678 2876 or.
1710 2833 1784 2875 III
1819 2836 1871 2876 15
1914 2834 2046 2876 iidem

233 2912 358 2949 errant
388 2909 563 2949 vivendi
586 2911 883 2963 praeceptores
915 2911 1041 2962 atque
1073 2907 1255 2960 dicendi,
1298 2910 1350 2948 ut
1383 2907 1457 2948 ‘ille
1494 2905 1592 2959 Ph„
1638 2904 1900 2959 Quintilian.
1936 2904 2046 2946 Inst.

236 2992 294 3019 or.
332 2978 381 3019 Π
415 2980 454 3030 3,
489 2979 543 3020 12
565 2982 651 3020 tam
692 2979 933 3034 eloquentia
970 2992 1102 3033 quam
1141 2979 1334 3020 moribus
1364 2977 1787 3032 praestantissimus,
1824 2977 1903 3031 qui
1925 3008 1934 3017 .
1963 3006 1971 3016 .
2000 3009 2007 3016 .
2035 3008 2046 3018 .

377 3131 403 3173 1)
432 3131 476 3165 de
505 3131 640 3165 Stoicis
667 3144 699 3166 v.
727 3131 938 3175 Dyroffium
963 3144 997 3176 p.
1013 3132 1092 3168 310.
