2138 3438
968 135 1264 175 -22—

348 276 553 318 Alterum
579 273 830 317 sobrietatis
855 278 1140 330 praeceptum
1167 276 1210 328 (1
1227 275 1358 317 D-2
1375 274 1436 329 A)
1462 279 1507 319 et
1529 276 1576 319 in
1601 276 1803 320 Platonis
1827 277 2022 333 Legibus

207 351 251 390 et
280 348 327 389 in
364 347 744 402 Pythagoreorum
786 345 999 388 institutis
1043 345 1220 400 legitur:
1265 345 1379 388 Plat.
1410 346 1517 402 Leg.
1550 350 1635 391 775
1661 349 1701 390 B
1747 351 1812 392 δεῖ
1842 351 1902 405 μὴ
1935 354 2021 393 τῶν

205 421 417 474 σωμάτων
463 420 777 473 διακεχυμένων
822 419 904 460 ὑπὸ
935 418 1074 472 μέθης
1117 419 1327 472 γίγνεσθαι
1355 419 1429 473 τὴν
1459 420 1747 476 παιδουργίαν,
1783 420 2020 463 Iamblich-

206 491 275 532 De
318 505 354 531 v.
392 489 521 544 Pyth.
559 491 660 542 211,
704 488 847 532 Ocelli
890 488 1063 530 Lucani
1107 488 1339 543 (Mullach‚
1385 490 1455 532 Fr.
1488 490 1562 543 ph.
1596 489 1673 534 Gr.
1707 491 1732 532 I
1775 492 1881 548 388)
1919 506 1956 534 c.
1978 494 2020 543 4,

208 561 325 616 quod
370 561 565 604 continet
606 564 845 616 praecepta
888 559 1198 613 generationis,
1240 562 1344 616 μήτε
1386 563 1598 616 πληρώσει
1639 565 1824 618 χρῆσθαι
1862 569 2022 619 τροφῆς

207 636 399 688 ἀκαίρου,
432 635 535 689 μήτε
567 634 692 687 μέθῃ,
725 634 827 687 μήτε
859 633 960 686 ἄλλῃ
993 634 1066 674 τινὶ
1098 637 1270 687 ταραχῇ.
1302 631 1428 673 Idem
1461 631 1709 676 Stoicorum
1740 634 2021 689 opinionibus

207 705 483 759 aptissimum
515 718 608 746 esse
642 718 695 746 ex
719 704 787 755 iis,
821 716 933 757 quae
960 702 1092 757 paulo
1125 717 1261 757 supra
1287 703 1488 758 exposita
1514 705 1672 761 sunt1)‚
1702 709 1899 760 apparet.
1931 704 2022 748 Sed

205 776 327 827 locis,
357 791 465 830 quos
490 775 682 827 laudavi,
708 789 804 816 eam
829 788 921 816 rem
939 775 987 816 in
1012 777 1205 816 veterum
1231 774 1450 817 educandi
1474 777 1721 831 praeceptis
1747 791 2018 819 communem

205 848 340 890 fuisse
373 852 416 889 et
446 847 661 901 imprimis
686 847 732 888 in
759 860 811 887 ea
837 846 1054 888 educandi
1089 846 1290 888 doctrina
1314 847 1503 900 viguisse
1529 847 1853 902 comprobatur,
1885 863 2018 904 quam

207 923 308 961 ante
342 917 476 960 Stoae
508 921 699 960 aetatem
731 917 850 972 apud
876 917 1195 971 Peripateticos
1229 918 1448 961 excultam
1479 932 1572 962 esse
1605 918 1834 962 Schickius
1867 919 1948 962 1.1.
1974 921 2020 962 in

206 995 330 1044 parte
363 989 502 1031 altera
533 988 879 1031 luculentissime
924 988 1251 1031 demonstravit.
1289 990 1359 1031 Ex
1388 989 1545 1032 iisdem
1576 990 1664 1033 illis
1693 990 1802 1033 locis
1835 994 2022 1046 apparet

207 1076 303 1104 eam
335 1075 427 1103 rem
471 1061 689 1114 copiosius
734 1059 1014 1102 tractandam
1057 1074 1170 1112 esse;
1216 1061 1392 1103 omnino
1437 1061 1552 1104 enim
1589 1064 1639 1103 ut
1681 1062 1820 1104 coitus
1853 1076 2021 1104 summa

207 1147 306 1175 cum
345 1132 615 1174 abstinentia
653 1146 704 1174 ac
730 1131 948 1173 modestia
985 1131 1075 1184 fiat,
1108 1136 1257 1174 monet
1286 1131 1580 1175 Iamblichus:
1616 1135 1793 1189 πρώτην
1817 1133 1896 1188 μὲν
1921 1135 2022 1177 εἶναι

206 1206 276 1247 καὶ
308 1206 501 1259 μεγίστην
531 1205 740 1257 πρόνοιαν
769 1205 815 1245 τὸ
846 1204 1070 1258 προσάγειν
1102 1204 1249 1246 ἑαυτὸν
1276 1235 1285 1245 .
1311 1236 1320 1245 .
1347 1237 1355 1246 .
1387 1206 1628 1259 σωφρόνως
1659 1222 1701 1247 τε
1731 1205 1802 1247 καὶ
1833 1206 2021 1260 ὑγιεινῶς

205 1277 444 1332 βεβιωκότα
481 1292 522 1317 τε
565 1277 633 1317 καὶ
678 1277 814 1324 ζῶντα
860 1274 927 1316 vel
971 1273 1123 1316 Plato:
1157 1310 1165 1317 .
1192 1306 1200 1316 .
1227 1307 1235 1316 .
1275 1277 1370 1329 περὶ
1415 1277 1588 1330 γάμους,
1632 1278 1676 1318 ἒν
1720 1276 1781 1322 οἶς
1826 1279 2021 1332 ἔμφρονα

206 1349 378 1402 μάλιστα
411 1349 511 1389 εἶναι
540 1348 689 1401 πρέπει
721 1347 891 1401 νύμφην
922 1347 993 1388 καὶ
1023 1348 1218 1402 νυμφίον.
1255 1345 1465 1400 Sequitur
1490 1347 1606 1389 hunc
1639 1348 1897 1401 scriptorem
1924 1361 2021 1389 eam

206 1419 259 1460 de
274 1418 555 1473 generatione
570 1417 871 1472 praecipiendi
884 1421 1055 1471 partem
1067 1421 1249 1472 tangere
1263 1418 1339 1471 ita,
1354 1422 1401 1459 ut
1411 1422 1695 1472 praeceptum
1709 1417 2020 1460 secundarium

205 1490 430 1545 praebeat,
473 1489 688 1531 rationem
731 1488 866 1530 totius
899 1489 962 1531 rei
994 1489 1182 1532 omittat.
1248 1487 1379 1544 Quod
1413 1490 1453 1531 ei
1484 1489 1618 1532 facile
1650 1489 1826 1541 accidit,
1859 1491 1935 1544 qui
1966 1503 2020 1532 ex

207 1561 392 1604 aliorum
437 1560 611 1614 scriptis
654 1559 869 1602 nonnulla
912 1560 1106 1615 excerpit
1138 1563 1181 1602 et
1213 1574 1277 1612 ea,
1322 1575 1434 1615 quae
1465 1560 1552 1614 ipsi
1582 1561 1769 1603 maxime
1803 1560 2021 1604 adrident.

206 1631 307 1674 Non
340 1635 406 1674 est
432 1631 621 1686 denique
651 1631 1091 1686 praetermittendum
1117 1645 1214 1674 eum
1249 1631 1301 1673 de
1329 1646 1435 1674 cura
1463 1636 1649 1674 matrum
1680 1632 2022 1687 praegnantium

207 1717 442 1757 earumque
474 1702 647 1745 vivendi
689 1702 819 1744 modo
859 1706 1005 1745 tacere
1044 1702 1118 1758 (cf.
1146 1717 1260 1759 quae
1305 1707 1531 1758 exponunt
1560 1702 1704 1756 Plato,
1741 1701 2020 1755 Aristoteles,

206 1774 479 1829 Xenophon,
511 1774 671 1817 Λακεδ.
704 1775 832 1816 πολιτ.
868 1775 905 1826 1,
941 1775 998 1826 3).

320 1929 514 1997 Caput
554 1933 600 1984 3.
641 1930 724 1981 De
762 1931 995 1994 natura,
1031 1930 1425 1995 institutione,
1461 1931 1901 1984 exercitatione.

348 2047 708 2090 Ps.-Plutarchus
730 2051 755 2090 2
774 2047 907 2090 A—3
928 2049 967 2090 Β
990 2049 1042 2090 de
1062 2050 1234 2091 virtutis
1253 2049 1476 2104 perfectae
1491 2050 1824 2093 condicionibus
1841 2050 2018 2093 disserit

2119 145 2131 158 N

2107 163 2127 182 «ιι

206 2133 320 2174 quae
346 2123 448 2161 sunt
473 2122 610 2175 φύσις,
635 2121 758 2175 λόγος
784 2119 852 2161 vel
876 2122 1201 2178 μάθησις-,ἔθος
1229 2121 1294 2163 vel
1321 2125 1504 2177 ἄσκησις.
1532 2121 1604 2164 Ac
1628 2122 1815 2176 primum
1843 2121 2020 2176 quidem
2083 2127 2097 2170 J

207 2204 357 2233 omnes
388 2191 660 2233 necessarias
693 2205 787 2232 esse
821 2190 1030 2243 declarat,
1064 2192 1149 2234 nisi
1182 2191 1381 2234 defectus
1412 2193 1586 2234 virtutis
1617 2192 1706 2236 fiat.
1739 2192 1882 2248 Quam
1914 2207 2016 2236 con-

207 2262 429 2304 dicionum
474 2261 732 2304 divisionem
763 2261 986 2316 vulgarem
1031 2276 1081 2304 ac
1113 2263 1263 2305 tritam
1305 2262 1440 2305 fuisse
1481 2268 1711 2317 pernotum
1752 2269 1828 2307 est.
1881 2263 1943 2306 Ut
1973 2264 2019 2307 in

207 2333 374 2375 artibus
407 2347 458 2376 ac
492 2333 685 2375 scientiis
729 2332 959 2390 (Ps-Plut.
998 2336 1022 2375 ὃ
1061 2335 1165 2376 κατὰ
1201 2339 1287 2377 τῶν
1323 2339 1481 2389 τεχνῶν
1519 2336 1590 2377 καὶ
1617 2339 1860 2390 ἐπιστημῶν
1891 2336 2021 2390 λέγειν

205 2404 496 2462 εἰώθαμεν)2),
528 2405 590 2447 sic
622 2405 668 2446 in
702 2405 919 2459 sapientia
951 2409 1082 2459 atque
1117 2405 1272 2447 virtute
1303 2404 1537 2462 valebatss).
1571 2406 1726 2460 Neque
1757 2420 1862 2447 sane
1889 2419 1941 2448 ex
1967 2419 2020 2448 ea

206 2490 251 2517 re
285 2476 519 2530 quicquam
552 2475 754 2518 efficitur:
798 2475 845 2517 id
878 2476 1173 2530 quaerendum
1206 2481 1284 2529 est,
1328 2490 1441 2529 quae
1483 2476 1597 2519 ratio
1636 2477 1751 2518 inter
1783 2476 1884 2518 illas
1917 2490 2018 2519 con-

206 2547 403 2589 diciones
435 2547 690 2589 intercedat.

206 2667 341 2708 censet,
354 2665 570 2700 Schickium
584 2668 685 2700 recte
699 2665 880 2700 iudicasse
892 2668 994 2711 puto,
1020 2666 1085 2710 pui
1097 2666 1166 2700 tali
1181 2665 1345 2711 opinioni
1369 2665 1676 2710 „altgriechische
1690 2665 2020 2710 Anschauungen“

204 2726 322 2759 inesse
348 2728 485 2760 censet.
534 2724 656 2770 Quare
683 2725 890 2760 cavendum
917 2728 984 2770 est,
1021 2737 1067 2760 ne
1093 2726 1132 2759 in
1169 2725 1356 2770 opinione,
1394 2736 1489 2770 quae
1515 2725 1605 2770 quin
1642 2725 1751 2770 plane
1777 2725 1943 2769 vulgaris
1970 2725 2019 2759 sit

204 2784 297 2817 nihil
323 2784 460 2828 obstat,
486 2784 743 2829 philosophiae
769 2785 880 2819 ullius
906 2784 1115 2819 doctrinam
1142 2785 1374 2820 reconditam
1400 2784 1631 2829 indagemus.

349 2843 373 2888 ¹)
402 2842 450 2878 cf.
476 2843 672 2880 PS.-Plut.:
712 2844 884 2889 φίλοινοι
908 2845 987 2890 γὰρ
1012 2845 1074 2879 καὶ
1097 2845 1320 2888 μεθυστικοὶ
1346 2845 1528 2890 γίνεσθαι
1558 2844 1753 2889 φιλοῦσι-ν,
1786 2843 1845 2879 ὧν
1871 2844 1920 2879 ἂν
1945 2842 2016 2889 τὴν

205 2901 326 2948 ἀρχὴν
351 2908 422 2948 τῆς
447 2909 602 2949 σπορᾶς
627 2905 664 2939 οἱ
689 2903 863 2949 πατέρες
887 2904 933 2938 ἐν
955 2903 1055 2948 μέθῃ
1082 2905 1341 2950 ποιησάμενοι
1365 2904 1542 2949 τύχωσιν.
1612 2922 1614 2924 v

349 2962 376 3007 2)
403 2962 540 2996 artium
567 2962 882 3006 scientiarumque
919 2963 1015 2997 ratio
1054 2963 1093 2996 in
1117 2974 1238 2997 mores
1276 2973 1320 2997 ac
1345 2962 1523 2997 virtutem
1561 2961 1788 2997 transfertur
1826 2962 1939 2996 etiam
1970 2961 2017 2996 ab

204 3020 363 3054 Aristot.
390 3020 472 3055 Pol.
500 3022 626 3057 1337a
655 3021 697 3056 18
738 3021 842 3067 πρὸς
866 3022 1001 3067 πάσας
1025 3020 1212 3066 δυνάμεις
1244 3023 1308 3058 καὶ
1332 3022 1544 3068 τέχνας...
1571 3020 1694 3067 δῆλον
1725 3023 1789 3057 καὶ
1813 3022 1917 3067 πρὸς
1946 3021 2018 3066 τὰς

205 3084 276 3123 τῆς
300 3085 427 3124 ψυχῆς
451 3081 626 3125 πράξεις-

350 3137 377 3183 ³)
403 3138 448 3172 de
474 3139 602 3173 multis
634 3139 726 3173 locis
752 3140 950 3184 praecipue
977 3139 1145 3175 Philonis
1178 3153 1211 3175 v.
1240 3140 1587 3185 Wyttenbachium.
1613 3139 1815 3175 Animadv.
1848 3139 1894 3174 ad
1927 3139 1949 3174 2
1969 3139 2016 3174 A.
