2138 3438
950 123 1243 164 -78-

184 262 314 305 nobis
341 267 487 305 essent
509 263 808 316 reformanda,
836 263 1063 316 mutanda,
1092 263 1349 316 omittenda,
1383 264 1629 319 adicienda,
1654 269 1703 308 ut
1728 264 1860 320 plane
1886 264 2008 308 aliud

185 349 297 389 opus
330 336 539 378 existeret
556 349 712 390 neque,
739 336 951 390 quidnam
983 336 1029 377 in
1056 335 1382 379 Ps.-Plutarchi
1407 336 1559 379 libello
1585 350 1740 379 revera
1769 336 1836 379 illi
1866 336 2007 392 philo-

187 406 324 461 sopho
358 406 540 449 attribui
583 411 746 462 posset,
791 406 1134 461 intellegeretur.
1185 405 1252 449 At
1294 407 1519 461 Dyroffius
1562 408 1610 450 in
1650 408 1792 450 forma
1833 421 2008 463 quoque

186 477 425 533 Chrysippi
449 478 634 533 vestigia
667 492 882 533 apparere
914 478 1098 520 censuit.
1134 476 1333 532 Scriptor
1358 479 1472 521 enim
1499 483 1742 534 poetarum,
1771 479 2008 534 praecipue

186 549 418 604 Euripidis
448 549 570 592 locos
601 550 768 602 inserit,
803 564 933 603 quam
978 549 1098 592 illius
1144 550 1508 592 consuetudinem
1550 549 1685 592 fuisse
1730 553 1905 592 constat
1935 549 2008 607 (cf.

188 619 347 663 Galen.
381 621 434 664 de
466 621 603 676 Hipp.
637 625 680 663 et
711 621 778 663 Pl.
811 621 852 663 d.
880 635 921 675 p.
948 620 1095 663 2951<
1125 623 1292 677 πλῆθος
1322 623 1439 664 ἐπῶν
1469 623 1767 677 παραγράφων
1798 624 1843 671 ἒξ
1874 624 2008 665 ἁπάν-

185 709 272 736 των
303 698 388 735 τῶν
418 698 605 748 ποιητῶν
638 691 854 749 ἐκλέγων).
888 692 977 735 Sed
1008 691 1100 734 tale
1125 691 1350 735 tractandi
1382 707 1520 747 genus
1550 706 1640 734 non
1667 692 1903 748 Chrysippi
1932 707 2008 735 ne-

187 778 272 818 que
312 763 547 806 cuiuslibet
590 763 773 806 alterius
819 764 1047 818 scriptoris
1093 763 1162 820 (ut
1205 778 1238 808 e.
1279 778 1316 818 g.
1354 764 1596 817 Posidonii,
1636 763 1688 806 cf.
1728 763 1886 807 Galen.
1917 763 1946 806 l.
1978 763 2008 806 1.

187 849 227 888 p.
268 836 352 877 399
397 837 535 891 ῥήσεις
578 853 618 878 τε
668 836 884 891 ποιητικὰς
926 837 1197 890 παρατίθεται
1239 837 1310 878 καὶ
1354 838 1531 891 ἱστορίας
1573 838 1767 879 παλαιῶν
1809 837 2010 890 πράξεων

186 908 484 960 μαρτυρούσας
510 908 571 954 οἷς
596 906 718 963 λέγει)
739 907 967 961 proprium
995 910 1074 960 est,
1105 907 1183 948 sed
1209 906 1329 961 apud
1356 907 1517 949 multos
1543 907 1749 962 antiquos
1775 907 2010 961 scriptores
2093 913 2100 919 “

186 978 232 1019 111
264 978 607 1020 tractationibus
639 978 795 1020 ethicis
827 978 957 1020 valet.
989 978 1062 1021 Ita
1092 978 1455 1021 Ps.-Plutarchus
1499 979 1587 1021 sive
1633 993 1708 1021 eos
1751 978 1873 1020 locos
1915 977 2009 1033 ipse

187 1049 373 1102 addidit,
407 1050 496 1092 sive
518 1064 569 1092 ex
597 1050 722 1092 fonte
748 1049 989 1103 transtulit,
1024 1050 1224 1105 exempla
1243 1050 1407 1105 ubique
1427 1051 1622 1094 invenire
1647 1050 1802 1105 potuit.
1834 1049 2009 1092 Deinde

190 1135 326 1175 genus
360 1120 537 1163 dicendi
570 1121 952 1164 commemorabile
998 1125 1077 1174 est,
1123 1121 1243 1176 quod
1286 1117 1426 1164 multa
1469 1121 1685 1164 vocabula
1728 1135 1832 1163 rara
1875 1125 2010 1175 atque

187 1193 401 1235 inusitata
444 1193 591 1244 habet,
637 1207 751 1247 quae
784 1193 1154 1247 Wyttenbachius
1200 1193 1378 1248 collegit
1426 1193 1591 1251 (Anim.
1635 1209 1677 1248 p.
1711 1193 1800 1250 22).
1858 1192 2010 1236 Talem

186 1263 420 1306 verborum
452 1264 753 1323 inauditorum
785 1278 913 1306 usum
945 1268 989 1306 et
1020 1264 1186 1307 formae
1212 1265 1548 1319 neglegentiam,
1581 1279 1714 1319 quam
1739 1265 1846 1307 item
1878 1263 2008 1306 facile

187 1335 408 1377 interdum
427 1335 473 1377 in
492 1335 820 1378 Ps.-Plutarchi
844 1335 995 1377 libello
1016 1336 1334 1389 cognoscimus,
1363 1336 1610 1391 Chrysippo
1631 1336 1742 1378 bene
1764 1336 2009 1379 convenire.

189 1406 319 1461 Quod
351 1410 670 1461 argumentum,
703 1411 753 1449 ut
784 1407 943 1449 ceteris
980 1407 1108 1449 rebus
1142 1407 1518 1449 consentientibus
1561 1407 1791 1462 probabile
1823 1411 1903 1456 est,
1944 1407 2009 1449 ita

188 1477 330 1519 solum
361 1478 528 1520 nullius
562 1478 652 1520 fere
684 1479 894 1520 momenti
927 1481 1007 1527 est,
1041 1493 1139 1519 cum
1172 1478 1415 1533 subvagum
1449 1479 1525 1530 sit3
1571 1478 1624 1520 de
1657 1479 1869 1533 scriptore
1903 1492 2008 1520 sane

187 1548 369 1599 indicat,
401 1549 478 1591 sed
510 1549 594 1591 hoc
626 1549 788 1591 rectius
823 1549 1100 1591 concluditur
1131 1549 1258 1591 illum
1288 1549 1535 1592 litterarum
1569 1548 1802 1591 cultiorum
1834 1549 2009 1604 elegan-

185 1623 341 1674 terque
375 1620 594 1662 scribendi
627 1620 880 1674 imperitum
912 1620 1058 1662 fuisse.
1098 1621 1217 1663 Nam
1249 1620 1417 1662 formae
1449 1620 1730 1676 neglegentia
1773 1621 2010 1675 praecipue

187 1692 233 1733 in
276 1706 436 1733 manca
481 1705 626 1734 rerum
672 1691 960 1746 dispositione
1006 1696 1049 1734 et
1093 1692 1387 1746 explicatione
1435 1693 1584 1747 inepta
1630 1693 1715 1734 sita
1758 1696 1836 1745 est,
1898 1706 2010 1746 quas

190 1762 433 1817 Chrysippo
468 1762 707 1805 attribuere
738 1777 793 1805 ne
822 1763 879 1805 sit
905 1764 1129 1807 audacius.
1161 1764 1401 1806 Praeterea
1427 1764 1464 1805 si
1488 1762 1812 1806 Ps.-Plutarchi
1837 1763 2010 1805 libellus

186 1832 425 1888 Chrysippi
459 1848 569 1888 opus
601 1839 855 1889 excerptum
886 1835 1020 1889 inque
1052 1835 1181 1877 breve
1215 1839 1494 1877 contractum
1526 1839 1606 1887 est,
1640 1834 1859 1889 quomodo
1890 1834 2009 1876 illius

189 1905 363 1947 dicendi
395 1919 533 1959 genus
559 1906 606 1947 in
631 1905 716 1947 hoc
743 1905 955 1960 opusculo
984 1907 1189 1960 cognosci
1216 1909 1375 1960 potest,
1408 1906 1484 1948 ubi
1510 1906 1720 1948 tractatio
1749 1908 1842 1948 sine
1876 1905 2008 1947 dubio

187 1976 296 2027 eius,
332 1977 408 2030 qui
442 1977 649 2031 excerpit,
681 1978 862 2031 propria
897 1976 990 2019 est?

332 2047 523 2088 Accedit
555 2052 926 2102 argumentorum,
959 2062 1071 2103 quae
1109 2049 1155 2090 in
1187 2050 1319 2092 rebus
1352 2053 1483 2103 atque
1518 2048 1861 2103 cogitationibus
1894 2052 2010 2102 sunt,

185 2117 436 2161 multitudo
468 2118 565 2160 Iam
597 2132 685 2160 non
720 2119 893 2173 singula
927 2134 1142 2174 quaeque,
1177 2134 1289 2174 quae
1324 2134 1458 2175 supra
1500 2121 1548 2162 in
1584 2120 1716 2162 rebus
1748 2119 2010 2162 enarrandis

187 2190 388 2241 tractavi,
412 2190 563 2231 iterari
583 2190 654 2231 hic
681 2195 873 2244 oportet:
907 2191 1015 2232 satis
1042 2192 1099 2233 sit
1122 2191 1167 2232 in
1193 2195 1384 2233 mentem
1410 2191 1538 2234 nobis
1563 2205 1770 2233 revocare
1795 2189 2010 2233 nonnulla

186 2260 338 2302 libello
371 2262 516 2303 inesse
548 2261 669 2313 talia,
705 2275 818 2315 quae
852 2276 877 2303 a
908 2262 1067 2303 veteris
1101 2261 1235 2304 Stoae
1269 2262 1471 2304 doctrina
1516 2266 1649 2316 atque
1694 2263 1838 2303 animo
1875 2261 2008 2316 plane

190 2332 468 2384 dissentiant,
501 2332 601 2385 alia,
635 2347 749 2387 quae
776 2334 815 2374 ei
842 2333 1024 2375 attribui
1049 2347 1138 2374 non
1163 2334 1334 2388 possint
1359 2334 1443 2374 nisi
1470 2333 1758 2375 coniectando
1786 2337 1829 2375 et
1855 2347 2007 2375 conce-

188 2404 345 2445 dendo.
379 2403 497 2458 Quid
531 2407 685 2446 contra
716 2408 794 2456 est,
827 2404 947 2458 quod
979 2404 1120 2458 ipsam
1162 2408 1353 2447 veterem
1386 2404 1539 2446 Stoam
1582 2403 1748 2446 fontem
1793 2404 2008 2458 suspicari

187 2489 267 2516 nos
302 2473 462 2529 cogat?
494 2475 662 2517 Iterum
701 2476 812 2526 dico,
843 2479 1031 2517 veterem
1064 2474 1218 2518 Stoam
1261 2475 1329 2518 vel
1364 2475 1675 2529 Chrysippum;
1719 2490 1820 2516 nam
1853 2474 2007 2517 Stoica

186 2547 330 2588 inesse
360 2545 577 2588 nonnulla
609 2546 810 2599 vidimus,
845 2547 922 2589 sed
954 2562 1006 2589 ea
1037 2548 1305 2602 plerumque,
1338 2561 1450 2601 quae
1491 2546 1726 2588 cuiuslibet
1756 2547 2008 2602 philosophi

190 2617 329 2660 Stoici
355 2631 448 2659 esse
475 2619 658 2671 possint.
689 2618 793 2660 Non
820 2622 887 2660 est
916 2619 1164 2660 mirandum
1190 2618 1435 2673 Dyroffium
1460 2622 1550 2660 tam
1575 2618 1715 2659 multa
1741 2632 2007 2674 comparare,

187 2702 301 2742 quae
335 2688 664 2730 similitudinem
709 2690 904 2744 aliquam
936 2715 993 2720 —-
1032 2704 1137 2732 sane
1181 2703 1511 2743 nonnumquam
1556 2690 1664 2730 satis
1709 2690 1910 2743 exiguam
1954 2703 2007 2731 ac

189 2775 343 2815 vagam
375 2786 430 2790 —
463 2761 727 2814 praebeant:
761 2761 806 2802 id
839 2762 954 2803 enim
987 2762 1227 2803 secundum
1253 2776 1316 2814 ea,
1351 2774 1463 2814 quae
1491 2760 1573 2802 sibi
1599 2761 1840 2814 proposuit,
1873 2775 2005 2815 quae-

188 2832 301 2884 sivit,
332 2845 436 2872 num
465 2831 577 2873 haec
609 2832 678 2874 vel
710 2832 788 2874 illa
819 2831 1067 2887 Chrysippo
1113 2832 1209 2874 dari
1251 2835 1445 2886 possent,
1490 2845 1580 2872 non
1625 2833 1695 2873 cui
1731 2832 2007 2886 potissimum

188 2902 450 2957 philosopho
485 2903 768 2946 attribuenda
796 2908 952 2946 essent.
993 2903 1118 2958 Quae
1147 2904 1293 2945 omnia
1321 2902 1577 2956 singillatim
1602 2917 1830 2945 recensere
1857 2916 2005 2957 super-

188 2988 373 3015 vacuum
411 2977 489 3025 est,
532 2974 746 3017 nonnulla
786 2989 840 3017 ne
879 2975 1021 3018 refelli
1054 2975 1230 3029 quidem
1273 2978 1471 3029 possunt,
1519 2975 1623 3028 quia
1666 2975 1712 3016 in
1757 2975 1820 3016 eis
1851 2974 2006 3016 rebus

188 3049 430 3096 versantur,
477 3059 623 3098 quas,
663 3061 772 3087 cum
812 3047 917 3088 sint
957 3046 1200 3101 vulgares
1245 3050 1401 3100 atque
1449 3059 1751 3098 communes,
1795 3059 1939 3087 nemo
1979 3060 2032 3087 av

188 3115 481 3169 Chrysippo
521 3116 872 3159 abiudicabit.
