2138 3438
942 143 1238 185 —74-

181 290 302 343 χέως.
342 289 365 329 ὃ
404 289 473 329 καὶ
510 287 715 343 βέλτιστον
753 288 938 341 ἔχουσιν)
983 288 1027 327 et
1063 285 1216 338 πικρόν
1255 288 1281 335 (.
1303 317 1311 325 .
1333 317 1341 325 .
1364 284 1636 338 ὃυσδιάλυτοι,
1674 283 1809 326 πολὺν
1848 284 2007 338 χρόνον

180 361 440 413 ὀργίζονται.
463 391 471 399 .
494 390 502 399 .
522 359 599 400 εἶσὶ
631 359 670 400 δ’
693 359 732 399 οῖ
763 361 941 399 τοιοῦτοι
973 358 1130 402 ἑαυτοῖς
1162 355 1430 410 ὀχληρότατοι
1461 357 1530 397 καὶ
1561 359 1644 402 τοῖς
1669 355 1842 409 μάλιστα
1867 355 2007 410 φίλοις

183 455 239 459 -
273 433 317 471 et
348 429 600 483 praecipue,
647 427 811 470 addere
842 427 971 469 nobis
1003 426 1121 478 licet,
1160 425 1312 468 liberis
1345 425 1469 483 suis).
1521 424 1645 480 Quae
1678 440 1777 468 cum
1808 425 1873 467 ita
1903 425 2002 476 sint,

180 500 561 543 Ps.-Plutarchi
586 502 928 554 praeceptum
950 497 1187 552 Peripati
1212 496 1582 552 philosophiae
1601 496 1788 540 morali
1809 496 2006 551 optime

181 572 459 614 convenire
491 571 645 626 negari
677 585 766 613 non
798 572 960 625 potest3
994 573 1212 623 quatenus
1245 569 1360 610 etin
1385 568 1576 611 mediam
1602 567 1769 619 Stoam,
1799 567 2006 610 Platonis

181 647 224 686 et
255 643 452 698 Peripati
484 642 778 694 imitatricem,
826 640 1024 695 quadret,
1071 654 1151 695 pro
1184 644 1302 682 certo
1336 639 1509 682 definiri
1539 654 1630 682 non
1661 643 1825 694 potest.'
1871 638 2003 683 Veri-

180 714 448 757 simillimum
480 718 629 756 tamen
661 713 820 755 iterum
851 712 1025 754 videtur
1056 711 1316 766 scriptorem
1347 711 1713 766 Peripatetica
1744 714 1794 753 et
1820 709 2006 754 Stoica

179 787 397 841 permixta
429 785 646 827 exhibere.

322 869 375 911 In
400 868 617 911 malorum
641 868 869 909 hominum
894 881 1090 918 numero,
1126 881 1151 909 a
1177 866 1338 921 quibus
1361 867 1666 910 adulescentes
1687 866 1867 909 arcendi
1886 868 2006 918 sunt,
2067 865 2069 867 ’

179 940 459 983 adulatorum
485 939 830 982 abiectissimum
851 952 986 992 genus
1008 942 1086 990 est,
1118 938 1164 980 in
1185 952 1295 992 quos
1314 937 1682 981 Ps.-Plutarchus
1700 937 2002 980 vehementem

178 1012 547 1067 vituperationem
586 1011 760 1053 conicit.
804 1008 1105 1052 Adulatorum
1138 1009 1447 1052 condemnatio
1480 1009 1599 1065 apud
1631 1010 1880 1064 scriptores,
1926 1009 2004 1063 qui

178 1083 399 1125 educandi
431 1097 583 1125 curam
614 1082 795 1134 habent,
827 1095 917 1123 non
943 1095 1047 1123 rara
1073 1084 1156 1123 est:
1189 1080 1336 1133 Plato,
1369 1081 1464 1124 Pol.
1485 1082 1572 1123 494
1599 1095 1732 1135 quam
1751 1079 2006 1135 perniciosa

178 1155 235 1196 sit
266 1153 463 1196 adulatio
501 1153 580 1195 illa
613 1156 759 1196 aetate
792 1153 990 1207 exponit3
1037 1151 1314 1206 Pythagoras
1360 1152 1477 1207 apud
1510 1151 1751 1195 Stobaeum
1786 1150 1882 1194 Ecl.
1914 1150 2003 1195 ΠΙ.

175 1241 218 1281 p.
252 1227 353 1276 474,
385 1227 409 1268 8
430 1225 503 1269 W.
548 1227 609 1272 ὡς
642 1227 682 1267 δ’
704 1226 878 1279 ἐχθρῶν
922 1226 1113 1279 χείρονας
1157 1226 1358 1278 ἕκτρέπου
1402 1224 1499 1271 τοὺς
1537 1224 1857 1275 κολακεύοντας;
1906 1221 2003 1265 Ps.-

174 1297 410 1345 Isocrates,
442 1297 564 1350 Πρὸς
586 1298 746 1351 Δημόν.
781 1297 837 1337 30
864 1297 971 1350 μίσει
998 1295 1093 1341 τοὺς
1119 1296 1438 1342 κολακεύοντας.
1473 1294 1562 1337 Sed
1583 1293 1998 1345 animadvertamus,
2065 1323 2075 1332 .

177 1368 397 1422 quomodo
432 1367 638 1409 adulator
683 1367 767 1409 hoc
798 1366 896 1408 loco
940 1365 1235 1419 describatur;
1285 1365 1420 1408 facile
1453 1366 1569 1408 enim
1601 1364 1875 1420 intellegitur
1905 1363 2000 1407 eius

176 1453 319 1482 mores
345 1453 434 1480 non
461 1438 639 1481 eosdem
671 1451 779 1489 esse,
815 1452 925 1491 quos
957 1451 1038 1479 nos
1070 1437 1168 1479 voci
1204 1436 1556 1490 „Schmeichler“
1592 1435 1889 1493 subicimus¹)‚
1921 1435 2000 1478 sed

176 1511 281 1562 eius,
321 1524 450 1564 quem
482 1523 563 1552 nos
600 1508 897 1561 „Verfiihrer“
934 1508 1221 1563 appellamus.
1267 1508 1392 1564 Quae
1424 1508 1557 1550 huius
1587 1507 1793 1550 vocabuli
1824 1506 1895 1550 vel
1925 1513 2002 1550 τοῦ

173 1584 401 1637 παρασίτου
431 1581 553 1623 notio
585 1580 706 1623 haud
738 1580 802 1622 ita
833 1594 935 1622 rara
969 1583 1034 1622 est
1070 1579 1144 1631 (cf.
1175 1579 1376 1622 Ribbeck
1409 1579 1437 1623 1.
1470 1578 1497 1621 l.
1530 1595 1571 1634 p.
1592 1581 1662 1631 59,
1706 1579 1920 1634 imprimis
1951 1578 1999 1620 in

172 1652 301 1695 rebus
329 1652 539 1706 eroticis).
571 1652 672 1694 Hoc
699 1650 945 1694 adulatoris
974 1665 1083 1705 opus
1110 1650 1252 1693 verbis
1277 1650 1538 1702 illustratur,
1566 1650 1726 1705 quibus
1746 1649 2000 1704 loquentem

173 1724 362 1779 scriptor
394 1737 492 1765 eum
524 1723 707 1765 inducit.
757 1723 960 1765 Eandem
998 1722 1092 1764 fere
1138 1722 1384 1765 orationem
1429 1722 1729 1764 adsentatoris
1768 1721 1998 1764 cuiusdam

175 1795 346 1838 Seneca
377 1795 517 1838 tradit
548 1795 632 1849 Ep.
654 1796 752 1848 123,
785 1797 830 1837 9:
868 1795 1148 1837 adulatorum
1179 1797 1220 1836 et
1243 1808 1382 1849 prave
1414 1795 1695 1836 laudantium
1727 1807 1865 1836 sermo
1896 1793 1999 1836 diu-

176 1868 266 1909 tius
297 1867 453 1921 haeret,
486 1880 619 1921 quam
650 1866 836 1908 auditur
861 1900 868 1908 .
897 1899 905 1908 .
934 1900 942 1908 .
974 1866 1025 1908 in
1055 1866 1157 1908 haee
1181 1866 1439 1920 pervenitur
1469 1866 1619 1907 verba:
1663 1879 1782 1907 «una
1811 1865 2001 1920 felicitas

173 1943 247 1992 est,
281 1939 383 1980 bene
414 1939 527 1980 vitae
559 1939 721 1993 faeere:
761 1952 860 1992 esse,
894 1937 1047 1992 bibere,
1083 1938 1182 1993 frui
1212 1937 1495 1992 patrimonio,
1537 1936 1614 1978 hoe
1645 1939 1707 1978 est
1736 1937 1887 1990 vivere,
1922 1935 1999 1979 hoe

171 2012 234 2051 est
262 2023 306 2050 se
336 2010 564 2050 mortalem
596 2022 683 2050 esse
713 2009 971 2051 meminisse.
1002 2009 1157 2063 fluunt
1186 2008 1275 2050 dies
1307 2012 1348 2050 et
1370 2007 1684 2063 inreparabilis
1708 2008 1800 2050 vita
1825 2008 1996 2050 discur-

171 2081 233 2122 rit
259 2114 266 2121 .
294 2112 303 2121 .
331 2113 339 2121 .
366 2094 457 2121 non
489 2081 671 2121 amicam
703 2080 842 2133 habes,
879 2094 970 2121 non
1001 2094 1198 2134 puerum
1223 2114 1231 2122 .
1261 2114 1267 2121 .
1297 2111 1306 2121 .
1340 2080 1492 2122 cotidie
1528 2079 1704 2121 sobrius
1728 2079 1898 2134 prodis·
1932 2078 1998 2121 sie

171 2165 323 2193 coenas
368 2154 593 2205 tamquam
637 2151 947 2205 ephemeridem
984 2151 1112 2205 patri
1153 2152 1476 2205 adprobaturus
1507 2184 1516 2193 .
1545 2185 1553 2193 .
1585 2185 1592 2193 .
1634 2151 1737 2192 istos
1774 2151 1919 2193 tristes
1956 2153 2000 2192 et

170 2223 475 2277 superciliosos
493 2221 661 2263 alienae
681 2222 794 2264 vitae
820 2235 1027 2276 censores,
1057 2236 1163 2263 suae
1182 2222 1335 2276 hostes,
1358 2222 1560 2274 publicos
1579 2223 1858 2277 paedayoyos,
1881 2221 1999 2264 assis

171 2308 224 2336 ne
256 2294 406 2348 feceris
437 2306 514 2334 nee
544 2293 813 2334 dubitaveris
846 2293 1003 2334 bonam
1036 2292 1168 2334 vitam
1201 2307 1336 2347 quam
1366 2293 1615 2348 opinionem
1647 2294 1804 2335 bonam
1828 2293 1994 2335 malle».

171 2363 450 2419 Quamquam
484 2364 746 2418 argumenta
778 2378 865 2406 non
899 2363 1053 2406 eadem
1085 2367 1202 2416 sunt,
1235 2367 1383 2405 tamen
1416 2367 1691 2417 quantopere
1723 2363 1857 2406 verba
1889 2377 1993 2405 con-

172 2439 347 2490 gruant,
380 2435 663 2489 perspicuum
697 2439 780 2478 est:
820 2435 1098 2477 conferamus
1128 2434 1346 2477 Ps.-Plut.
1383 2434 1517 2476 verba
1549 2434 1813 2476 adulatoris:
1844 2436 1994 2490 στιγμὴ

170 2508 326 2561 χρόνου
357 2511 440 2553 πᾶς
466 2509 569 2548 ἔστιν
602 2508 625 2548 ὁ
651 2509 759 2562 βίος·
793 2509 882 2562 ζῆν,
914 2509 965 2549 οὗ
997 2508 1191 2561 παραζῆν
1215 2508 1430 2562 προσήκει,
1464 2505 1640 2547 deinde:
1673 2507 1839 2561 καθῆκε
1864 2505 1911 2548 δέ
1934 2522 1995 2553 τις

171 2580 240 2620 καὶ
260 2579 525 2632 χαμαιτύπην
552 2580 621 2620 καὶ
645 2580 946 2633 προηγώγευσε
972 2580 1153 2634 γαμετήν
1174 2611 1182 2620 .
1204 2612 1211 2619 .
1234 2611 1242 2619 .
1270 2580 1309 2620 οἳ
1333 2579 1507 2632 πατέρες
1534 2579 1681 2633 νήφειν
1705 2581 1993 2632 παραινοῦσιν,

170 2651 209 2690 οἵ
243 2650 288 2690 δὲ
320 2650 509 2703 μεθύειν,
547 2655 800 2704 σωφρονεῖν,
841 2651 881 2692 οῖ
913 2650 959 2692 δὲ
991 2650 1254 2705 ἀσελγαίνειν,
1292 2651 1519 2704 φυλάττειν,
1556 2651 1596 2691 οἱ
1629 2649 1675 2690 δὲ
1707 2650 1900 2691 δαπανᾶν
1920 2682 1928 2690 .
1951 2682 1958 2690 .
1979 2681 1991 2691 .

170 2722 206 2761 τί
237 2720 283 2763 δὲ
314 2722 582 2775 φροντιστέον
615 2723 714 2776 ἡμῖν
746 2725 831 2763 τῶν
862 2727 935 2763 τοῦ
967 2722 1124 2775 πατρὸς
1156 2721 1354 2770 ἄπειλῶν;
1395 2721 1658 2776 κρονόληρος
1691 2721 1761 2762 καὶ
1792 2721 1992 2774 σοροδαί-

170 2807 266 2844 μων
297 2793 387 2833 ἓστί.
420 2791 587 2833 Iisdem
619 2792 754 2846 igitur
783 2791 1062 2834 lineamentis
1088 2791 1333 2834 adulatoris
1357 2791 1504 2846 imago
1530 2791 1752 2845 utrimque
1779 2790 1988 2834 describi-

170 2866 258 2913 tur3
289 2876 393 2904 usus
426 2866 470 2904 et
502 2862 731 2916 adaptatio
765 2863 857 2905 eius
891 2862 1112 2905 differunt.
1145 2862 1195 2905 Si
1229 2862 1386 2905 deinde
1418 2862 1553 2904 verba
1583 2865 1811 2917 totumque
1844 2876 1991 2904 rerum

171 2946 380 2975 conexum
413 2934 688 2988 inspicimus,
734 2933 858 2977 illam
890 2935 1126 2989 imaginem
1159 2933 1357 2977 Stoicis
1390 2933 1656 2976 coloribus
1694 2934 1860 2989 pictam
1892 2947 1990 2976 esse

312 3083 340 3128 1)
367 3084 540 3119 Ceterum
567 3084 615 3119 cf.
643 3084 684 3121 Ο.
705 3085 888 3132 Ribbeck,
913 3087 1065 3133 Κόλαξ,
1090 3087 1172 3122 eine
1192 3087 1449 3133 ethologische
1469 3087 1603 3124 Studie
1623 3087 1739 3132 (Abh.
1753 3087 1788 3123 d.
1803 3086 1852 3122 K.
1867 3086 1987 3124 sache.

169 3141 251 3177 Ges.
279 3142 312 3176 d.
340 3141 463 3186 Wiss,
489 3144 686 3188 phil.-hist.
711 3145 775 3179 Kl.
803 3144 872 3189 IX,
901 3145 1005 3190 1884,
1031 3158 1066 3190 p.
1088 3146 1133 3190 1).
