2138 3438
902 114 1196 156 -57-

775 267 971 336 Caput
1010 268 1090 320 10.
1126 265 1325 319 Varia.

231 377 303 420 (De
335 386 535 421 puerorum
567 385 709 417 amore,
743 374 788 409 de
817 384 1016 419 corporum
1045 372 1325 416 exercitatione,
1362 370 1408 405 de
1434 370 1652 406 remissione
1677 370 1861 414 laborum,

831 432 941 477 ludis,
967 431 1263 476 certaminibus.)

284 530 388 573 Non
419 530 613 572 alienum
642 529 817 571 videtur
842 528 978 572 alium
1004 527 1074 570 hic
1100 527 1247 569 locum
1273 526 1449 579 addere,
1481 540 1566 580 quo
1592 525 1956 568 Ps.-Plutarchus

141 616 191 645 se
224 601 551 645 Socraticorum
585 600 814 655 opiniones
846 599 970 654 sequi
1000 597 1244 654 profitetur,
1276 597 1422 639 locum
1454 597 1507 639 de
1540 611 1777 651 puerorum
1810 611 1956 638 amore

144 672 246 715 dico
274 674 345 727 (11
371 671 546 729 D—F).
572 671 834 726 Comparari
864 673 1063 725 possunt,
1089 683 1201 724 quae
1226 669 1405 724 profert,
1439 682 1537 710 cum
1562 667 1762 710 Platonis
1794 671 1838 709 et
1862 668 1956 709 Xe-

142 744 382 799 nophontis
416 743 543 786 locis:
582 742 726 794 Plato,
758 742 852 785 Pol.
887 743 973 784 403
994 740 1038 783 A
1069 743 1093 784 ὁ
1125 742 1170 783 δὲ
1201 742 1336 796 ὀρθὸς
1365 742 1478 795 ἔρως
1507 742 1671 795 πέφυκε
1702 742 1879 793 κοσμίου
1918 756 1958 781 τε

143 818 214 858 καὶ
253 817 386 858 καλοῦ
425 816 669 871 σωφρόνως
704 831 744 858 τε
781 815 852 856 καὶ
888 817 1106 868 μουσικῶς
1137 814 1248 867 ἐρᾶν,
1291 811 1360 853 vel
1398 812 1483 854 468
1505 811 1557 864 Β,
1602 811 1707 865 Leg.
1740 811 1839 861 836,
1882 809 1959 852 ubi

145 890 427 941 opponuntur
458 888 482 929 ὁ
515 891 588 928 τοῦ
621 889 819 940 σώματος
849 887 919 927 καὶ
949 890 1022 940 τῆς
1052 887 1171 938 ὥρας
1201 887 1313 938 ἐρῶν
1344 886 1389 924 et
1419 884 1443 925 ὁ
1467 889 1538 938 τῆς
1564 888 1705 938 ψυχῆς
1722 885 1774 938 ε’.;
1806 881 1957 923 Xeno-

142 957 264 1012 phon
294 957 428 999 Mem.
462 956 529 1000 IV
564 958 601 1007 1,
633 958 659 998 2
692 958 876 1012 φανερὸς
906 957 946 998 δ’
974 956 1026 1011 ἦν
1057 955 1101 1006 <6
1133 954 1387 1010 Σωκράτης)
1415 957 1466 997 οὗ
1485 959 1570 997 τῶν
1589 955 1637 996 τὰ
1656 955 1832 1006 σώματα
1851 954 1958 1007 πρὸς

142 1031 276 1082 ὥραν,
316 1029 418 1072 ἀλλὰ
450 1033 535 1071 τῶν
565 1029 638 1075 τὰς
668 1029 807 1083 ψυχὰς
839 1028 947 1081 πρὸς
979 1029 1128 1082 ἀρετὴν
1160 1027 1205 1069 εὗ
1238 1027 1491 1081 πεφυκότων
1520 1028 1755 1081 ἔφιέμενος;
1804 1024 1958 1066 eadem

143 1113 213 1141 res
247 1099 423 1154 copiose
456 1103 676 1142 tractatur
708 1098 844 1141 Conv.
880 1098 997 1142 VIII
1031 1099 1084 1140 12
1118 1111 1181 1151 sq.
1213 1096 1393 1139 Amoris
1424 1096 1609 1151 puerilis
1642 1110 1803 1151 genera
1823 1095 1959 1150 scrip-

141 1174 214 1213 tor
251 1171 316 1212 ita
347 1170 440 1213 fere
474 1174 657 1213 enarrat
687 1170 992 1223 aestimatque,
1036 1172 1085 1210 ut
1116 1167 1371 1223 Xenophon
1415 1168 1541 1222 Reip.
1585 1167 1691 1210 Lac.
1730 1182 1763 1209 c.
1795 1166 1845 1208 II
1886 1169 1958 1208 12:

141 1241 412 1284 Boeotorum
437 1245 480 1284 et
505 1240 716 1284 Eleorum
746 1255 874 1283 usum
900 1239 1124 1291 describit,
1169 1239 1362 1294 Lycurgi
1394 1243 1541 1281 autem
1567 1239 1680 1280 ratio
1706 1238 1818 1280 haec
1843 1242 1958 1280 erat:

140 1315 182 1354 εἰ
219 1315 298 1367 μέν
340 1330 397 1360 τις
440 1314 564 1359 αὐτὸς
603 1315 667 1355 ὢν
703 1313 794 1355 οἷον
832 1314 897 1355 δεῖ
930 1313 1127 1366 ἀγασθεὶς
1165 1311 1308 1366 ψυχὴν
1344 1311 1496 1357 παιδὸς
1525 1315 1707 1365 πειρῷτο
1740 1312 1959 1364 ἄμεμπτον

141 1385 614 1439 φίλον-ἀποτελέσασθαι
634 1386 704 1426 καὶ
735 1389 926 1435 συνεῖναι,
958 1383 1097 1438 ἐπῄνει
1127 1383 1200 1425 καὶ
1231 1384 1447 1437 καλλίστην
1477 1374 1666 1424 ἇταιδείαν
1697 1382 1846 1436 ταύτην
1869 1381 1957 1423 ἑνό-

141 1457 272 1510 μιζεν.
315 1457 353 1497 εἰ
388 1456 434 1497 δέ
470 1472 528 1502 τις
564 1456 716 1501 παιδὸς
751 1457 949 1509 σώματος
985 1455 1239 1509 ὀρεγόμενος
1276 1456 1439 1508 φανείη,
1482 1456 1689 1507 αἴσχιστον
1719 1457 1839 1495 τοῦτο
1872 1453 1960 1498 1θείς

143 1517 235 1567 nst.
255 1528 289 1568 λ.
334 1524 704 1580 Scriptorigitur
741 1530 791 1567 ut
823 1524 1212 1568 Socraticorum
1257 1523 1458 1578 exempla
1496 1524 1663 1576 laudat,
1706 1524 1770 1564 ita
1809 1538 1958 1565 eorum

75 1611 84 1622 ·
146 1596 374 1650 opiniones
405 1610 557 1638 revera
588 1597 798 1651 sequitur.
831 1595 980 1651 Quare
1013 1610 1102 1637 non
1134 1595 1320 1637 multum
1350 1594 1495 1647 refert,
1527 1595 1645 1649 quod
1672 1609 1770 1636 cum
1797 1593 1960 1636 Stoicis

145 1680 318 1721 quoque
349 1667 395 1709 in
427 1681 480 1710 ea
504 1681 551 1710 re
577 1667 669 1710 fere
698 1667 973 1723 consentit‚¹)
1005 1680 1146 1720 neque
1179 1670 1395 1721 quatenus
1427 1665 1492 1707 illi
1524 1664 1775 1708 Socraticos
1798 1665 1960 1707 imitati

143 1737 245 1790 sint,
281 1737 523 1781 diiudicare
554 1753 798 1793 possumus.
831 1738 998 1781 Tamen
1032 1752 1057 1779 a
1091 1736 1239 1780 Stoico
1278 1740 1457 1779 auctore
1491 1737 1792 1791 quaestionem
1823 1735 1957 1790 paulo

144 1808 274 1852 aliter
298 1809 616 1852 instituendam
641 1810 776 1852 fuisse
804 1814 1005 1864 apparet3
1039 1813 1269 1862 praeterea
1293 1823 1381 1850 non
1406 1812 1498 1850 tam
1519 1807 1704 1850 aliorum
1731 1807 1959 1862 opiniones

142 1879 321 1935 plurimi
353 1880 518 1923 faceret
551 1880 929 1934 admirationeque
961 1885 1202 1922 commotus
1228 1893 1303 1922 eas
1328 1880 1554 1934 reciperet,
1588 1894 1721 1933 quam
1752 1892 1958 1933 praecep-

143 1954 237 1993 tum
257 1965 280 1993 e
299 1965 445 1993 rerum
463 1955 625 1994 natura
645 1966 743 1993 cum
768 1952 940 1994 ratione
969 1951 1188 1993 derivaret
1212 1951 1393 2005 eiusque
1419 1949 1655 1993 utilitatem
1681 1950 1958 1992 describeret.

289 2021 470 2064 80—D
497 2022 864 2064 Ps.-Plutarchus
890 2021 944 2064 de
971 2036 1202 2076 corporum
1228 2022 1542 2064 exercitatione
1569 2022 1670 2076 agit.
1704 2020 1847 2076 Quam
1866 2034 1957 2062 mo-

145 2092 292 2134 dicam
312 2096 356 2134 et
377 2107 491 2147 quae
511 2095 735 2149 εὐριῦμίαν
756 2108 807 2136 ac
827 2095 981 2149 ῥώμην
1000 2093 1176 2145 efficiat,
1199 2092 1488 2141 commendat,
1505 2092 1718 2147 imprimis
1742 2106 1959 2134 armorum

143 2177 273 2205 usum
291 2164 653 2219 venationemque
680 2165 738 2207 ad
757 2163 956 2206 bellandi
975 2165 1178 2219 peritiam
1200 2164 1542 2218 comparandam
1561 2163 1766 2205 idoneam
1792 2163 1959 2204 laudat.

143 2233 242 2275 Has
276 2235 565 2289 cogitationes
591 2249 751 2290 magna
782 2249 835 2278 ex
866 2239 993 2290 parte
1026 2235 1080 2277 de
1106 2235 1330 2278 Platone
1363 2234 1554 2289 pendere
1586 2237 1804 2276 neminem
1835 2233 1958 2288 fugit.

143 2303 247 2347 Duo
262 2310 527 2360 expetuntur
540 2306 665 2349 fines:
685 2308 895 2362 εὐρυθμία
914 2306 982 2348 vel
1001 2309 1140 2355 εὐεξία
1160 2309 1344 2361 (εὐταξία
1364 2308 1435 2348 καὶ
1453 2306 1735 2360 σωφροσύνη)
1757 2308 1801 2346 et
1818 2306 1959 2360 ῥώμη.

143 2374 276 2418 Plato
309 2377 419 2420 duas
445 2377 703 2432 disciplinas
737 2377 892 2420 dividit
915 2384 988 2433 τῆς
1006 2384 1294 2433 γυμναστικῆς,
1327 2379 1500 2432 ὄρχησιν
1526 2380 1570 2418 et
1592 2377 1742 2431 πάλην,
1773 2389 1959 2429 quarum

143 2445 253 2489 fines
285 2453 406 2491 sunt:
451 2450 557 2504 Leg.
590 2451 675 2493 795
695 2449 735 2491 E
773 2449 904 2491 unius
936 2452 1083 2499 εὐεξία,
1114 2451 1266 2496 κάλλος
1296 2454 1380 2491 τῶν
1411 2450 1553 2502 μελῶν
1584 2449 1654 2490 καὶ
1684 2452 1769 2489 τῶν
1800 2451 1958 2501 μερῶν,
2016 2443 2020 2446 ’

146 2521 368 2574 εὔρυθμος
416 2522 583 2576 κίνησις,
633 2520 813 2563 alterius
864 2520 1014 2572 robur;
1058 2520 1164 2562 ibid.
1220 2521 1304 2563 789
1325 2519 1367 2560 D
1417 2521 1558 2574 ὑγιεία,
1606 2519 1769 2567 κάλλος,
1819 2519 1958 2573 ῥώμη-

146 2588 324 2632 Sanitas
357 2591 563 2646 bonaque
594 2591 802 2634 valetudo
842 2591 914 2634 hic
946 2606 1118 2646 quoque
1157 2590 1487 2633 subaudiendae
1520 2593 1634 2642 sunt,
1668 2603 1763 2631 cum
1794 2591 1958 2638 εὐταξία

144 2665 191 2702 et
220 2665 478 2718 σωφροσύνη
512 2663 727 2705 senectuti
758 2663 1029 2718 provideant.
1061 2663 1116 2704 In
1142 2662 1342 2704 Platonis
1378 2661 1659 2717 „custodum“
1696 2661 1957 2703 educatione

145 2731 262 2788 (Pol.
307 2735 395 2775 404
416 2733 503 2791 sq.)
545 2735 883 2776 exercitationes
929 2738 1047 2775 sunt:
1093 2734 1351 2788 ἃκοντισμός,
1394 2735 1542 2783 τοξεία,
1587 2734 1703 2787 θήρα
1747 2732 1821 2787 (cf.
1853 2732 1956 2785 Leg.

148 2804 236 2845 794
248 2803 302 2854 B,
328 2805 470 2846 822D
497 2807 606 2859 etc.).
640 2804 783 2859 Quam
815 2804 973 2846 deinde
1006 2805 1268 2846 sententiam
1299 2803 1456 2845 laudat
1486 2803 1852 2845 Ps.-Plutarchus
1899 2803 1958 2845 Τὰ

293 2932 319 2976 ¹)
346 2932 401 2967 Cf.
428 2932 538 2978 Diog.
564 2932 607 2967 L.
634 2933 715 2969 VII
742 2934 809 2969 129
835 2936 898 2969 καὶ
923 2934 1216 2979 ἐρασθήσεσθαί
1239 2944 1282 2968 τε
1301 2933 1371 2968 τὸν
1397 2932 1526 2978 σοφὸν
1550 2938 1632 2967 τῶν
1659 2933 1762 2967 νέων
1786 2937 1868 2968 τῶν
1892 2934 1957 2976 ἐμ-

146 2992 378 3037 φαινόντων
403 2986 465 3026 ὂίὰ
490 2997 559 3027 τοῦ
583 2991 715 3037 εἴδους
738 2992 808 3037 τὴν
833 2992 938 3038 πρὸς
962 2992 1105 3038 ἀρετὴν
1130 2994 1313 3038 εὐφυίαν;
1341 2991 1446 3026 Stob.
1466 2990 1545 3026 Ecl.
1565 2990 1609 3025 II
1634 3003 1668 3036 p.
1686 2992 1763 3032 115,
1784 2990 1879 3026 2W.
1906 2989 1957 3025 δι’

149 3051 173 3086 δ
198 3051 260 3085 καὶ
285 3050 476 3096 ἐρωτικὸν
500 3049 599 3086 εἶναι
618 3050 687 3086 τὸν
707 3051 837 3097 σοφὸν
856 3053 917 3087 καὶ
942 3051 1228 3097 ἐρασθήσεσθαι
1253 3056 1333 3087 τῶν
1352 3051 1606 3097 ἀξιεράστων,
1631 3052 1811 3096 εὐγενῶν
1829 3052 1958 3086 ὄντων

149 3110 213 3145 καὶ
238 3111 408 3156 εὐφυῶν.
