2138 3438
948 112 1123 154 —88
1186 122 1247 142 -‘

181 254 314 297 modo
336 269 432 297 eam
451 254 688 296 derivare
708 268 799 297 non
818 253 901 296 erit
921 253 1125 305 alienum,
1149 257 1240 295 aut
1258 253 1723 308 Pythagoreorum,
1745 253 2005 307 Platonis,

180 326 666 380 Peripateticorum
697 325 932 379 ipsorum
957 324 1238 366 verisimilius
1264 324 1613 367 imitationem
1645 339 2003 380 agnoscemus,

180 397 390 451 ipsorum,
435 397 645 451 quoniam
676 396 752 439 ille
790 396 947 438 horum
986 395 1182 438 imitator
1227 399 1334 438 erat.
1379 395 1452 438 Ita
1481 396 1599 438 unde
1641 396 1884 451 repetenda
1916 396 2006 439 sint

180 467 322 510 multa
351 468 400 510 in
431 467 627 512 Senecae
658 467 878 510 educandi
911 466 1208 521 opinionibus,
1250 481 1520 521 quamquam
1557 467 1773 510 nonnulla
1805 467 1894 510 alia
1927 467 2004 511 ad-

183 539 276 585 dita
308 543 420 592 sunt,
466 543 664 594 apparet,
708 538 954 581 Maximum
986 540 1080 580 eius
1127 535 1400 592 quaestionis
1444 537 1687 581 subsidium
1730 539 2002 594 comparatio

183 610 500 665 cogitationum
532 624 584 653 ac
614 613 967 665 praeceptorum,
1002 623 1116 663 quae
1143 609 1212 652 De
1242 609 1312 651 ira
1336 609 1387 651 ΙΙ
1414 611 1584 652 19-21
1619 609 1894 663 exhibentur,
1925 614 2005 653 est.

180 682 413 725 Posidonii
445 682 513 724 vel
544 682 715 724 mediae
749 680 885 724 Stoae
912 680 1032 735 apud
1058 680 1253 735 reliquos
1286 695 1461 735 quoque
1487 680 1774 736 philosophos
1800 685 2003 736 posterae
2062 674 2065 677 ’

182 754 355 806 aetatis,
388 754 626 808 praecipue
660 767 748 805 eos,
790 766 900 807 quos
944 751 1252 807 philosophiae
1289 752 1495 807 populari
1527 752 1820 805 attribuimus,
1853 751 2005 807 aliqua

183 825 299 867 ratio
350 825 600 866 habebatur
651 825 830 879 eiusque
881 823 1047 866 iudicia
1098 838 1196 866 cum
1244 823 1403 866 veteris
1453 821 1588 866 Stoae
1633 823 1838 866 doctrina
1885 824 2005 866 varie

180 896 491 939 miscebantur.
538 895 627 939 Sed
670 910 760 938 non
810 895 1251 950 praetermittendum
1295 898 1364 938 est
1403 895 1577 938 mediae
1618 894 1752 938 Stoae
1796 895 2006 937 ratione

181 967 440 1010 eclectica
485 968 714 1023 opiniones
758 966 1121 1022 philosophorum
1154 965 1386 1009 doctrinae
1431 966 1664 1009 severitate
1698 966 1859 1008 omissa
1889 966 2006 1008 inter

181 1052 227 1080 se
261 1038 423 1080 similes
455 1038 596 1081 factas
627 1039 834 1093 varieque
867 1039 1125 1081 coniunctas
1158 1052 1266 1082 esse.
1313 1037 1608 1094 Quamobrem
1640 1037 2005 1092 cogitationes,

181 1109 370 1164 quales
396 1110 597 1152 mediae
624 1109 787 1153 Stoae
818 1109 1159 1164 philosophis
1186 1109 1482 1151 attribuere
1514 1122 1803 1163 possumuS,
1836 1109 2006 1165 magis

180 1181 402 1236 tempori
433 1195 836 1235 nonnumquam,
883 1195 1033 1235 quam
1078 1181 1385 1223 auctoribus
1429 1182 1591 1223 certis
1623 1179 1896 1223 vindicare
1929 1194 2005 1235 op-

181 1253 336 1294 timum
368 1252 555 1295 videtur.

326 1322 414 1366 Sed
445 1328 495 1365 ut
527 1324 585 1366 ad
611 1323 1063 1366 Ps.-Plutarchum
1093 1327 1384 1365 revertamur:
1418 1323 1637 1365 neminem
1667 1322 1823 1377 fugere
1855 1326 2005 1378 potest

182 1408 279 1436 eum
322 1409 656 1449 nequaquam
689 1409 712 1437 e
745 1394 1027 1437 Posidonii
1071 1394 1208 1436 libro
1252 1394 1421 1448 ipsum
1453 1393 1723 1448 hausisse;
1767 1408 1857 1436 non
1889 1394 2006 1437 enim

180 1464 428 1520 philosophi
463 1466 630 1521 placita
662 1481 714 1508 ac
746 1470 986 1521 praecepta
1013 1464 1470 1520 eleganter-probata,
1502 1465 1724 1508 luculente
1751 1465 2002 1520 explanata,

182 1550 279 1578 cum
317 1538 489 1579 ratione
541 1538 802 1580 continuata
851 1537 1049 1592 praebet.
1102 1536 1249 1592 Quare
1295 1537 1358 1579 ita
1399 1537 1547 1590 potius
1597 1538 1859 1579 censuerim:
1910 1537 2003 1580 Ps.-

182 1607 448 1651 Plutarchus
480 1608 721 1651 Posidonio
753 1609 845 1663 ipse
877 1608 989 1650 nihil
1022 1608 1165 1661 debet,
1209 1608 1298 1650 sed
1331 1607 1392 1650 ab
1426 1622 1484 1650 ea
1516 1607 1865 1663 philosophia
1898 1611 2002 1660 stat,

183 1694 315 1733 quae
359 1679 437 1722 1110
489 1681 688 1735 principe
734 1679 923 1723 Stoica
968 1694 1027 1722 ac
1077 1680 1448 1734 Peripatetica
1499 1683 1632 1734 atque
1683 1680 1864 1734 quaevis
1915 1679 2004 1722 alia

183 1751 514 1805 compilavit.
578 1751 734 1806 Neque
793 1752 1043 1794 accuratius
1099 1751 1378 1806 probandum
1428 1764 1523 1793 esse
1579 1754 1686 1805 puto
1743 1751 2004 1805 scriptorem

180 1821 411 1864 Posidonii
453 1822 616 1864 librum
663 1823 715 1865 de
762 1821 993 1864 affectibus
1038 1823 1340 1876 conscriptum
1383 1821 1552 1864 fontem
1594 1836 1684 1864 non
1733 1820 2003 1864 adhibuisse.

181 1893 313 1945 Nam,
347 1898 397 1935 ut
421 1893 637 1936 nonnulla
662 1894 896 1949 proferam,
923 1893 1189 1936 Posidonius
1217 1894 1419 1948 corporis.
1439 1894 1486 1935 in
1510 1894 1665 1935 matris
1691 1897 1815 1935 utero
1842 1892 2003 1935 forma-

181 1965 346 2007 tionem
389 1966 599 2007 tractavit
643 1970 685 2007 et
722 1965 926 2008 Platonis
966 1965 1435 2020 Pythagoreorumque
1479 1965 1696 2007 rationem
1740 1968 1916 2006 secutus
1956 1964 2002 2005 in

183 2034 417 2078 affectibus
460 2036 672 2078 sanandis
723 2037 917 2079 musicae
967 2036 1052 2078 vim
1098 2039 1304 2090 exposuit
1345 2034 1524 2088 (Galen.
1563 2035 1617 2077 de
1667 2035 1727 2078 H.
1773 2039 1816 2077 et
1860 2034 1925 2079 Pl.
1963 2034 2004 2078 d.

182 2122 222 2161 p.
249 2109 335 2150 472
350 2107 432 2162 K);
459 2108 677 2162 imprimis
704 2112 852 2149 autem
873 2108 1020 2150 omnia
1039 2107 1352 2162 psychologiae
1373 2110 1645 2162 argumenta,
1671 2120 1784 2161 quae
1806 2105 2005 2150 Galenus

183 2193 206 2220 e
237 2178 469 2220 Posidonii
500 2178 614 2221 libro
648 2183 739 2221 tam
769 2178 898 2232 larga
923 2178 1073 2231 tradit,
1106 2179 1225 2233 apud
1251 2178 1636 2220 Ps.-Plutarchum
1668 2178 1838 2220 desunt.
1869 2178 2004 2220 Prae·
2081 2231 2086 2235 ᾖ

182 2253 304 2292 terea
348 2250 577 2303 nonnulla,
624 2264 738 2304 quae
784 2264 917 2304 supra
961 2250 1008 2292 in
1039 2249 1277 2304 Chrysippi
1321 2250 1574 2292 coniectura
1611 2249 1848 2292 refutanda
1878 2249 2006 2292 nobis

181 2325 432 2373 evenerunt,
479 2321 552 2363 hic
583 2336 670 2364 non
701 2322 846 2363 minus
877 2321 1039 2364 valent.
1080 2320 1287 2366 Ceterum
1319 2324 1536 2375 quatenus
1562 2320 1924 2363 Ps.-Plutarchus
1951 2320 2005 2362 de

182 2392 415 2434 Posidonii
440 2392 722 2447 philosophia
746 2393 952 2448 pendeat,
977 2406 1189 2447 quaerere
1215 2405 1374 2434 vanum
1400 2395 1468 2434 est
1491 2393 1538 2433 in
1563 2391 1692 2433 rebus
1717 2395 1809 2434 tam
1835 2390 2004 2444 dubiis3

183 2467 301 2505 certe
323 2479 375 2505 ex
395 2464 527 2505 huius
549 2464 773 2519 scriptoris
788 2463 937 2506 libello
953 2464 1007 2506 de
1027 2463 1269 2506 Posidonio
1291 2464 1527 2518 quicquam
1548 2462 1809 2505 concludere
1827 2463 2006 2504 minime

182 2534 297 2588 licet,
330 2535 405 2576 ubi
437 2549 526 2577 non
559 2535 744 2578 aliorum
777 2550 1016 2578 consensus
1049 2535 1231 2578 accedit.

327 2605 468 2648 Paulo
498 2611 598 2648 ante
625 2606 1006 2661 philosophiae
1027 2607 1304 2661 popularis
1330 2606 1596 2649 mentionem
1622 2605 1816 2648 fecimus.
1847 2605 2005 2659 Neque

182 2677 381 2731 ineptum
413 2677 584 2720 videtur
618 2678 816 2720 conicere
850 2678 1237 2720 Ps.-Plutarchum
1269 2692 1367 2719 cum
1399 2677 1476 2719 illo
1508 2676 1814 2731 philosophiae
1847 2690 2004 2731 genere

185 2748 324 2790 artius
369 2748 605 2791 cohaerere
651 2764 782 2803 quam
833 2763 931 2791 cum
983 2752 1127 2791 sectae
1178 2749 1379 2791 doctrina
1428 2749 1631 2803 genuina,
1682 2748 1845 2803 quippe
1886 2748 2006 2803 quod

186 2818 433 2862 Stoicorum
477 2821 708 2874 opiniones
750 2835 847 2862 cum
892 2820 1078 2862 aliorum
1124 2820 1382 2862 coniunctas
1421 2819 1711 2874 popularibus
1753 2818 2006 2861 notionibus

185 2894 229 2931 et
247 2891 362 2932 vitae
380 2891 721 2934 necessit-atibus
740 2891 1052 2934 accomodarit.
1086 2890 1175 2934 Sed
1201 2891 1398 2946 quamvis
1423 2890 1650 2946 popularis
1675 2889 2006 2933 Ps.-Plutarchi

185 2975 360 3015 quoque
392 2962 673 3017 philosophia
705 2963 774 3015 sit,
819 2962 922 3005 huic
968 2963 1248 3005 coniecturae
1281 2963 1433 3017 gravia
1463 2962 1779 3017 impedimenta
1812 2961 2006 3004 obstant.

184 3030 301 3072 Nam
331 3047 429 3075 mea
456 3034 633 3088 quidem
659 3034 879 3076 sententia
906 3034 1039 3076 animi
1064 3034 1205 3088 magis
1231 3034 1454 3082 contrarii,
1480 3048 1611 3088 quam
1630 3034 1760 3075 huius
1782 3033 2007 3087 scriptoris
2064 3084 2070 3088 ι

187 3106 231 3144 et
276 3104 509 3146 cuiuslibet
552 3105 730 3147 illorum
772 3105 1148 3160 philosophorum,
1191 3119 1282 3147 non
1322 3104 1419 3148 dico
1463 3103 1662 3159 Epicteti
1707 3103 1772 3147 vel
1809 3103 2004 3157 Musoni,
