2138 3438
911 776 1060 829 Pars
1099 777 1177 829 II.

672 906 928 978 Rerum
978 906 1412 995 comparatio.

273 1083 540 1138 Priusquam
576 1083 939 1139 philosophorum
978 1084 1143 1139 scripta
1184 1085 1439 1137 excutimus,
1483 1099 1536 1127 ex
1573 1099 1619 1127 re
1652 1099 1746 1127 esse
1776 1085 1953 1128 videtur

132 1154 395 1209 scriptorum
429 1153 714 1207 Graecorum,
745 1156 820 1209 qui
852 1155 905 1197 de
937 1155 1198 1198 educatione
1230 1161 1427 1210 egerunt,
1461 1161 1742 1211 conspectum
1773 1170 1954 1211 ponere.

133 1224 233 1281 Qua
267 1226 315 1268 in
351 1240 397 1268 re
431 1240 542 1280 quae
577 1225 860 1281 Grassberger
893 1225 1054 1269 Gesch.
1086 1226 1126 1269 d.
1161 1227 1261 1270 Erz.
1294 1243 1331 1270 v.
1362 1227 1412 1269 II
1442 1242 1484 1281 p.
1518 1229 1543 1269 8
1572 1227 1772 1279 contulit,
1804 1227 1951 1270 refero

130 1297 312 1339 nomina
348 1297 538 1340 breviter
574 1312 787 1340 enarrans
825 1302 1054 1340 auctorum
1092 1312 1183 1340 non
1221 1302 1312 1341 tam
1350 1298 1560 1353 temporis
1592 1300 1776 1351 ratione,
1815 1313 1946 1353 quam

130 1369 176 1410 in
224 1367 399 1412 scholas
450 1369 779 1424 discriptorum:
836 1369 1127 1424 Pythagoras,
1183 1369 1421 1424 Archytas,
1478 1370 1624 1422 Plato,
1675 1370 1945 1425 Xenophon,

131 1436 433 1491 Antisthenes,
483 1439 751 1495 Aristippus,
801 1439 1077 1491 Aristoteles,
1127 1440 1466 1483 Pseudo-Arist.
1519 1444 1577 1494 (v.
1629 1441 1759 1493 Rose,
1809 1440 1951 1483 Arist.

130 1510 340 1564 pseudep.
370 1525 412 1564 p.
435 1512 502 1562 72,
530 1513 615 1566 12),
642 1511 987 1566 Theophrastus,
1011 1511 1321 1566 Hieronymus,
1351 1511 1658 1564 Aristoxenus,
1690 1512 1950 1564 Clearchus,

131 1580 404 1633 Cleomenes,
444 1581 580 1635 Zeno,
616 1581 869 1633 Cleanthes,
914 1581 1198 1637 Chrysippus,
1242 1582 1481 1636 Lucianus,
1520 1583 1806 1634 Iamblichus,
1850 1583 1946 1625 Ma-

130 1653 274 1694 ximus
311 1651 482 1707 Tyrius,
526 1652 749 1695 Iohannes
787 1653 1135 1707 Chrysostomus.
1191 1653 1431 1696 Praeterea
1473 1653 1712 1696 Clementis
1750 1653 1947 1696 Alexan·

132 1724 248 1766 drini
279 1724 564 1779 Παιδαγωγός
594 1739 647 1765 ex
677 1729 802 1778 parte
836 1724 1114 1766 adhibendus
1146 1728 1227 1776 est,
1258 1739 1385 1778 quem
1418 1738 1440 1766 e
1467 1723 1718 1767 Stoicorum
1748 1724 1948 1767 fontibus

129 1795 314 1849 inrigari
350 1796 567 1848 constat1)
577 1811 588 1846 ;
623 1794 780 1836 iisdem
818 1797 910 1837 sine
944 1795 1076 1837 dubio
1108 1795 1328 1849 permulta
1365 1795 1649 1838 attribuenda
1687 1799 1801 1849 sunt,
1833 1810 1950 1850 quae

131 1865 434 1921 Quintilianus
455 1865 688 1922 exhibet2),
713 1870 763 1907 ut
780 1866 869 1908 iam
890 1867 999 1908 satis
1020 1865 1138 1908 clare
1159 1871 1311 1920 postea
1330 1867 1511 1909 eveniet.
1536 1866 1708 1921 Fugere
1728 1867 1947 1909 neminem

131 1940 275 1991 potest
293 1937 530 1991 scriptores
550 1936 651 1979 illos
669 1938 719 1979 in‘
735 1951 903 1991 paucas
923 1936 1098 1979 scholas
1119 1936 1315 1979 discribi:
1336 1936 1600 1991 Socraticos,
1614 1938 1950 1992 Peripateticos,

132 2007 319 2058 Stoicos,
358 2008 661 2062 Pythagoreos
699 2013 743 2050 et
775 2008 1180 2063 Neopythagoreos
1222 2007 1346 2062 Quae
1386 2023 1484 2051 cum
1516 2010 1579 2051 ita
1612 2010 1712 2062 sint,
1749 2010 1795 2051 in
1828 2009 1941 2064 cogi·

131 2079 371 2122 tationibus
414 2079 716 2121 examinandis
760 2079 807 2121 id
849 2079 1061 2133 imprimis
1104 2079 1543 2121 animadvertendum
1582 2084 1660 2133 est,
1704 2083 1752 2121 ut
1787 2080 1945 2122 harum

130 2150 380 2208 scholarum
399 2149 655 2192 discrimina
674 2154 804 2204 atque
826 2149 995 2192 colores
1016 2150 1312 2192 observentur.
1334 2149 1593 2205 Scriptores,
1620 2152 1695 2206 qui
1714 2155 1944 2206 praeterea

131 2219 417 2276 comparandi
447 2225 560 2273 sunt,
593 2221 712 2276 quod
744 2224 821 2263 aut
851 2220 909 2263 ad
940 2220 1164 2263 doctrinas
1196 2221 1525 2276 cognoscendas
1555 2222 1703 2264 fontes
1735 2226 1837 2263 sunt
1867 2226 1945 2263 aut

130 2292 293 2335 similes
329 2305 398 2333 res
435 2292 601 2346 passim
632 2295 840 2344 tractant,
879 2306 1135 2334 enumerare
1166 2306 1256 2334 non
1293 2293 1408 2335 tanti
1447 2306 1541 2334 esse
1579 2293 1760 2335 videtur.
1797 2292 1948 2334 Locos

130 2362 403 2419 capitulatim
435 2363 681 2417 disponam.

544 2518 739 2586 Caput
779 2521 822 2570 1.
861 2518 945 2570 De
983 2518 1105 2570 fine
1143 2518 1528 2571 educationis,

271 2637 632 2679 Ps.-P1utarchus
651 2637 697 2679 in
716 2637 845 2679 initio
865 2636 1015 2688 libelli,
1050 2650 1177 2690 quem
1197 2636 1280 2678 sibi
1310 2640 1531 2690 proponat
1548 2636 1693 2690 finem,
1727 2636 1942 2678 declarat:

131 2709 152 2749 l
179 2708 218 2749 A
250 2710 323 2750 τίνι
353 2709 537 2764 (ἀγωγῇ)
562 2710 777 2764 χρώμενοι
801 2710 1023 2751 σπουδαῖοι
1047 2708 1144 2755 τοὺς
1168 2709 1350 2762 τρόπους
1374 2710 1427 2750 ἂν
1453 2710 1655 2763 ἀποβαῖεν
1680 2707 1739 2764 (οἱ
1763 2708 1944 2763 παῖδες).

129 2778 307 2820 Morum
336 2778 471 2832 igitur
501 2779 813 2833 perfectionem
847 2779 1032 2832 appetit.
1061 2777 1300 2820 Adiciendi
1331 2782 1434 2819 sunt
1465 2778 1623 2820 deinde
1649 2778 1748 2830 loci,
1781 2778 1940 2831 quibus

131 2863 242 2903 quae
290 2853 524 2904 praecipue
569 2850 798 2892 educando
844 2848 1076 2891 efficienda
1120 2850 1223 2901 sint,
1268 2837 1592 2903 cognoscimus:
1638 2851 1663 2890 2
1685 2848 1730 2890 A
1773 2851 1830 2895 εἷς
1868 2850 1946 2903 τὴν

274 2978 302 3023 ¹)
315 2991 349 3014 v.
362 2979 405 3013 P.
421 2979 645 3024 Wendland,
659 2978 902 3024 Quaestiones
915 2978 1077 3021 Muson„
1093 2979 1228 3022 Christ,
1243 2978 1377 3015 Gesch.
1392 2979 1428 3013 d.
1442 2990 1497 3023 gr.
1512 2978 1555 3014 L.
1569 2979 1603 3013 4.
1624 2978 1671 3013 A.
1686 2990 1720 3023 p.
1730 2979 1799 3013 929
1813 2978 1943 3014 adn.5.

272 3049 300 3095 ²)
330 3061 366 3085 v.
397 3049 554 3090 Schanz,
586 3050 719 3086 Gesch.
751 3050 787 3085 d.
817 3052 910 3085 rom.
941 3050 1016 3086 Lit.
1048 3050 1091 3084 II
1116 3049 1161 3085 2²
1186 3050 1322 3095 (1901),
1347 3061 1382 3094 p.
1409 3050 1491 3094 357,
1517 3061 1550 3084 v.
1577 3049 1724 3094 Arnim,
1750 3049 1879 3084 Leben
1904 3061 1943 3084 u.

131 3109 269 3144 Werke
293 3109 358 3144 des
384 3109 455 3144 Dio
481 3121 556 3144 von
580 3109 641 3144 Pr.
667 3122 703 3154 p.
728 3109 787 3154 91,
812 3107 1102 3155 Radermacher,
1128 3109 1227 3144 Mus.
1253 3109 1373 3144 Rhen.
1400 3107 1494 3143 LIV
1518 3109 1601 3145 286.
