2138 3438
929 161 985 164 --
1047 136 1223 176 44-

511 275 706 358 Oaput
745 280 792 329 7.
834 276 917 328 De
954 276 1332 328 institutione
1362 256 1654 330 oratoria.

310 383 457 438 Caput
489 385 513 425 6
534 382 665 425 A—7
688 382 722 425 O
756 387 896 425 totum
923 382 1014 424 fere
1046 386 1243 425 versatur
1269 383 1315 424 in
1341 384 1611 438 argumentis
1637 384 1724 426 his:
1760 384 1905 439 agitur
1930 384 1986 427 de

166 455 231 508 iis,
276 455 351 508 qui
397 454 582 496 dicendo
626 453 899 496 multitudini
944 453 1119 508 placere
1164 453 1343 496 student
1385 456 1429 508 (6
1450 453 1624 510 A—O),
1673 455 1727 497 de
1772 455 1987 498 orationis

165 539 336 580 genere,
381 525 500 580 quod
541 529 723 568 vocatur
766 524 1062 579 extemporale
1108 524 1154 582 (6
1176 525 1298 568 O—7
1321 524 1396 582 A),
1442 525 1496 568 de
1535 526 1711 569 dicendi
1750 526 1986 581 generibus

164 598 206 652 (7
229 596 407 651 A-B).
438 597 507 638 De
542 611 660 648 cura,
693 610 825 650 quam
859 596 1046 650 scriptor
1071 595 1174 637 inde
1202 611 1227 638 a
1251 597 1394 651 prima
1421 601 1566 639 aetate
1590 597 1636 639 in
1661 602 1781 640 recto
1810 598 1984 641 dicendi
2055 638 2060 640 ,

164 683 248 711 usu
289 668 483 722 adhibet,
520 669 609 710 iam
650 682 783 722 supra
822 667 1023 721 quaestio
1062 671 1168 710 erat.
1215 666 1357 722 Quam
1389 669 1624 723 praecipue
1655 669 1702 711 in
1733 670 1984 723 praeceptis

162 740 394 782 rhetoricis
438 739 590 794 magni
628 738 792 781 factam
831 752 924 780 esse
963 737 1094 780 facile
1127 739 1454 793 comprobatur:
1493 738 1663 791 Cicero,
1702 740 1771 782 De
1811 755 1871 782 or.
1908 740 1984 782 III
2048 748 2049 751 ’

164 813 231 863 45,
267 811 394 853 Brut.
437 812 522 852 210
572 811 647 852 sed
689 811 842 866 mayni
886 810 1072 863 interest,
1117 824 1222 865 quos
1259 811 1437 866 quisque
1473 812 1625 854 audiat
1663 812 1815 854 cotidie
1852 811 1985 864 domi,

162 883 421 937 quibuscum
461 883 667 936 loquatur
704 896 731 923 a
762 895 914 934 puero,
952 882 1306 936 quemadmodum
1337 885 1500 937 patres,
1530 883 1783 937 paedayoyi,
1821 886 1984 925 matres

160 954 291 994 ettam
330 954 577 1008 loquantur.
617 951 944 1007 Quintilianum
981 966 1082 995 vero
1122 952 1300 1006 saepius
1338 953 1432 995 eius
1469 953 1532 994 rei
1569 953 1787 995 rationem
1818 953 1983 995 habere

162 1023 451 1066 demonstrari
483 1023 572 1065 iam
604 1038 694 1066 non
727 1027 911 1078 oportet.
946 1023 1104 1066 —Hoc
1135 1023 1233 1066 loco
1268 1024 1455 1078 scriptor
1486 1025 1801 1080 πανηγυρικοὺς
1825 1025 1983 1080 λήρους
2032 1054 2034 1056 -

161 1096 398 1150 vituperat:
432 1095 479 1137 in
507 1094 692 1137 dicendo
719 1094 1016 1137 multitudinis
1047 1094 1252 1149 voluptas
1284 1110 1373 1137 non
1405 1095 1538 1138 debet
1568 1096 1723 1150 expeti,
1756 1095 1874 1150 quia,
1906 1096 1983 1150 qui

160 1167 308 1220 placet
342 1166 505 1219 multis,
546 1166 821 1221 sapientibus
861 1166 1076 1221 displicet.
1113 1166 1188 1208 Ita
1221 1166 1362 1209 oratio
1396 1181 1495 1209 cum
1527 1167 1722 1209 moribus
1756 1166 1980 1209 cohaeret:

162 1242 322 1290 orator,
355 1239 432 1293 qui
463 1238 614 1280 virtuti
647 1237 805 1289 studet,
842 1237 963 1292 plebi
993 1252 1082 1280 non
1108 1237 1319 1292 indulget.
1352 1237 1462 1280 Tale
1489 1238 1543 1280 de
1570 1239 1760 1280 oratoris
1786 1237 1982 1280 moribus

160 1309 373 1351 iudicium
412 1309 580 1352 Seneca
619 1312 795 1364 saepius
833 1309 1011 1363 profert,
1049 1313 1099 1351 ut
1135 1309 1218 1363 Ep.
1251 1310 1320 1361 38,
1355 1312 1380 1351 2
1407 1310 1510 1352 haee
1534 1311 1765 1365 popularis
1797 1310 1980 1364 (oratio)

160 1381 277 1423 m'lzil
306 1381 429 1423 habet
460 1382 565 1434 veri,
595 1395 762 1422 morere
793 1382 888 1422 vult
913 1381 1088 1422 turbam
1112 1384 1151 1422 et
1175 1382 1446 1423 inconsultas
1469 1395 1599 1423 aures
1623 1381 1790 1436 impetu
1814 1395 1981 1436 rapere,

160 1451 228 1494 vel
250 1453 320 1503 29,
342 1453 395 1494 10
416 1454 516 1507 quis
534 1453 651 1494 emm
665 1453 836 1507 plaeere
850 1454 1014 1507 populo
1033 1455 1184 1507 potest,
1209 1453 1282 1494 eui
1305 1453 1447 1494 virtus
1466 1454 1633 1507 placet?
1659 1453 1787 1494 malis
1811 1452 1980 1494 artibus

152 1525 386 1579 popularis
417 1525 542 1579 favor
573 1524 816 1579 quaeritur,
847 1523 1036 1565 similem
1067 1528 1105 1566 te
1135 1524 1225 1565 illis
1257 1524 1397 1578 facias
1422 1527 1615 1578 oportet.
1639 1556 1647 1565 .
1670 1558 1678 1566 .
1701 1523 1980 1578 philosophia

153 1595 412 1650 praestabit,
444 1599 494 1636 ut
524 1595 655 1636 ‘malis
688 1595 769 1636 tibi
794 1596 962 1649 plaeere
994 1608 1127 1649 quam
1152 1595 1325 1649 populo.
1360 1593 1496 1649 Apud
1529 1609 1659 1649 quem
1689 1594 1736 1636 id
1766 1593 1979 1636 iudicium

160 1666 504 1720 cogitationibus
543 1665 828 1707 inserendum
866 1668 944 1719 est,
986 1679 1099 1719 quae
1138 1664 1274 1707 latius
1313 1669 1478 1720 patent.
1519 1665 1635 1708 Nam
1675 1665 1851 1708 omnino
1890 1665 1978 1707 duo

160 1737 336 1779 dicendi
367 1751 539 1792 genera,
573 1741 623 1790 ut
655 1738 717 1779 ita
750 1737 909 1788 dicam,
943 1737 1062 1792 apud
1090 1751 1188 1779 eum
1214 1741 1402 1788 exstant,
1434 1737 1622 1779 oratoris
1654 1741 1698 1779 et
1722 1736 1977 1791 philosophi

160 1799 382 1850 orationes
403 1808 664 1851 contrariae.
691 1808 774 1850 Ille
795 1807 940 1861 verba,
970 1808 1223 1860 sententias,
1247 1812 1463 1862 ornatum,
1481 1808 1552 1850 hic
1571 1822 1641 1850 res
1660 1808 1978 1861 veritatemque

160 1884 297 1932 curat,
330 1879 500 1922 formae
533 1884 680 1922 autem
713 1879 980 1922 excolendae
1011 1883 1194 1921 eatenus
1227 1879 1388 1931 studet,
1420 1883 1471 1921 ut
1500 1879 1634 1922 verba
1665 1893 1809 1921 rerum
1841 1878 1976 1921 subli-

158 1951 301 1992 mitati
346 1951 643 2005 respondeant
684 1951 879 2005 eiusque,
921 1951 996 2005 qui
1030 1950 1168 2002 audit,
1209 1951 1405 1993 animum
1445 1954 1730 2005 permoveant
1742 1951 1784 2004 l).
1829 1949 1975 2005 Quam

159 2021 341 2063 eandem
405 2022 731 2064 distinctionem
794 2023 907 2064 inter
963 2022 1153 2064 oratoris
1208 2026 1252 2064 et
1306 2022 1557 2077 philosophi
1613 2035 1750 2077 genus
1801 2020 1977 2063 dicendi

159 2092 492 2147 Theophrastus
524 2092 639 2147 fecit,
672 2092 726 2136 fr.
761 2096 816 2136 64
849 2093 902 2150 (v.
935 2093 1018 2135 III.
1051 2093 1204 2146 Wim.)
1234 2100 1307 2137 τοῦ
1339 2095 1467 2149 λόγου
1498 2096 1655 2149 σχέσεις
1685 2097 1866 2149 ἔχοντος,
1903 2094 1978 2148 τὴν

156 2165 234 2218 μὲν
270 2165 380 2218 πρὸς
414 2165 511 2212 τοὺς
549 2166 773 2218 ἀκροατάς,
810 2165 884 2219 τὴν
923 2165 968 2206 δὲ
1003 2167 1110 2219 πρὸς
1147 2166 1195 2223 τὰ
1233 2167 1472 2221 πράγματα,
1509 2166 1582 2220 τὴν
1612 2166 1690 2220 μὲν
1711 2199 1719 2206 .
1742 2201 1748 2208 .
1770 2199 1778 2207 .
1811 2165 1976 2220 ποιηταὶ

156 2236 226 2277 καὶ
263 2237 436 2291 ῥήτορες
475 2236 713 2288 διώκουσιν,
743 2236 817 2290 τὴν
854 2236 900 2277 δὲ
920 2267 929 2276 .
950 2267 959 2276 .
980 2268 989 2278 .
1021 2237 1259 2291 φιλόσοφοι.
1298 2235 1577 2290 Quamquam
1615 2235 1976 2279 Ps.-Plut-archus

95 2358 97 2360 ι
157 2306 210 2348 de
242 2307 326 2348 1130
357 2321 403 2348 10
428 2306 539 2348 nihil
564 2306 739 2348 exhibet
762 2321 904 2360 neque
931 2320 1028 2348 eum
1055 2306 1230 2349 dicendi
1256 2321 1393 2361 genus
1417 2307 1722 2361 philosophiae
1747 2307 1974 2361 proprium

156 2378 201 2419 in
234 2378 379 2419 animo
411 2377 574 2420 habere
605 2377 839 2420 verisimile
873 2381 949 2429 est,
981 2382 1130 2420 tamen
1159 2377 1282 2419 illam
1310 2377 1523 2420 orationis
1549 2377 1812 2420 iudicandae
1838 2378 1972 2420 ratio-

155 2463 268 2499 nem,
300 2463 388 2502 qua
419 2449 572 2498 utitur,
596 2448 904 2503 philosophiae
932 2452 1081 2503 aptam
1107 2462 1199 2491 esse
1227 2452 1271 2490 et
1294 2452 1545 2504 praecepta,
1580 2463 1693 2503 quae
1718 2448 1801 2491 hoc
1828 2449 1972 2503 capite

157 2520 449 2572 continentur,
481 2535 658 2574 quoquo
691 2520 821 2562 modo
855 2520 909 2562 de
940 2520 1222 2574 philosophia
1260 2520 1450 2574 pendere
1490 2519 1694 2562 concludi
1719 2523 1876 2574 potest.
1906 2518 1974 2562 At

157 2591 397 2633 cavendum
442 2595 562 2645 puto,
606 2606 660 2633 ne
705 2591 812 2646 quid
856 2605 909 2633 ex
953 2591 1045 2633 solo
1090 2591 1166 2633 illo
1210 2591 1508 2633 multitudinis
1547 2595 1800 2645 contemptu
1838 2605 1971 2645 porro

157 2662 416 2704 concludere
458 2662 655 2716 velimus,
694 2663 769 2717 qui
814 2663 1010 2705 omnium
1049 2662 1139 2704 fere
1183 2662 1545 2717 philosophorum
1589 2662 1672 2704 hac
1711 2663 1888 2716 quidem
1924 2662 1970 2703 in

155 2746 201 2774 re
235 2733 475 2775 communis
520 2733 620 2776 fuit.
665 2733 783 2776 Nam
828 2748 976 2775 omnes
1021 2732 1121 2788 plus
1163 2733 1361 2775 minusve
1412 2731 1608 2775 Socratis
1657 2732 1724 2776 vel
1767 2732 1970 2776 Platonis

156 2804 406 2858 opinionem
438 2805 576 2847 secuti
601 2808 717 2857 sunt,
751 2805 827 2859 qui
851 2807 897 2846 in
926 2803 1094 2859 Gorgia
1122 2803 1225 2860 (464
1246 2805 1439 2846 D—465
1459 2804 1515 2856 B)
1541 2807 1680 2847 artem
1704 2804 1970 2847 rhetoricam

154 2875 198 2916 in
241 2878 452 2930 quattuor
494 2875 757 2918 adulatoriis
797 2875 943 2929 habet,
984 2890 1082 2917 cum
1122 2890 1202 2918 nec
1243 2889 1344 2918 vero
1387 2889 1468 2917 1100
1504 2875 1621 2918 bono
1661 2875 1848 2928 studeat,
1891 2874 1969 2917 sed

154 2946 370 3000 voluptati
410 2947 572 2989 serviat
611 2947 715 3004 (364
735 2947 778 2989 D
817 2952 889 2989 τοῦ
927 2948 1006 3001 μὲν
1036 2949 1240 3003 βελτίστου
1266 2947 1390 2989 οὐδὲν
1415 2949 1632 3002 φροντίζει,
1657 2952 1716 3002 τῷ
1743 2948 1789 2989 δὲ
1815 2948 1969 3001 ἡδίστῳ

154 3019 375 3072 θηρεύεται
405 3020 477 3073 τὴν
509 3021 655 3061 ἄνοιαν
685 3019 756 3061 καὶ
787 3021 973 3073 ἐξαπατᾷ
1004 3044 1059 3049 -
1093 3018 1255 3060 similia
1288 3022 1390 3060 sunt
1420 3018 1636 3060 Ps,-Plut.
1665 3018 1799 3060 verba
1827 3020 1852 3060 6
1872 3016 1907 3059 O
1935 3019 1972 3060 εἰ

298 3134 325 3181 ¹)
346 3135 392 3170 cf.
419 3135 488 3179 Ep.
514 3135 572 3179 49,
600 3136 659 3180 12³
687 3136 743 3179 38,
773 3136 876 3180 1sq.3
907 3136 985 3179 100,
1004 3137 1043 3178 43
1072 3137 1128 3180 75,
1147 3137 1256 3181 4sq.;
1284 3136 1341 3182 20,
1362 3137 1400 3181 23
1421 3137 1477 3182 40,
1499 3138 1606 3181 2sq.;
1625 3137 1682 3179 59,
1701 3137 1809 3181 4sq.;
1834 3137 1913 3181 115,
1934 3137 1972 3172 1.-
