2138 3438
989 124 1283 166 -35—

231 270 459 308 stoxenum
485 265 716 307 referenda
743 265 844 317 sint,
869 258 1164 320 Chrysippum
1190 265 1235 306 in
1261 268 1355 307 tota
1381 279 1426 308 re
1453 266 1690 308 tractanda
1716 266 1884 320 priores
1909 265 2052 321 philo·
2125 293 2138 302 ν

231 337 392 392 sophos
420 338 445 380 i.
478 350 515 379 e.
549 337 873 391 Peripateticos
904 336 1034 392 plane
1068 340 1263 378 secutum
1303 350 1395 380 esse
1428 336 1634 380 concludi
1672 341 1895 393 oportere3
1920 351 2052 391 .quos

230 409 349 462 ipsos
373 407 647 462 vulgariores
675 408 905 462 opiniones
931 408 1149 461 recepisse
1176 411 1310 462 atque
1335 407 1605 450 medicorum
1624 409 1796 451 ratione
1816 422 1920 451 usos
1940 422 2048 460 esse,

228 478 524 535 Chrysippum
551 483 698 521 autem
716 493 809 521 rem
828 478 1133 521 tantummodo
1162 482 1380 532 quatenus
1405 493 1575 521 morum
1601 479 1804 538 educatio
1831 483 2050 534 tangatur,

226 554 452 593 tractasse.
486 549 658 604 Quibus
690 549 832 591 verbis
864 564 991 592 nemo
1025 553 1102 601 est,
1135 550 1241 603 quin
1284 549 1414 604 plane
1448 551 1728 603 assentiatur,
1767 551 1805 592 si
1836 550 1882 592 id
1912 564 2050 592 unum

229 625 395 663 certum
427 626 494 663 est
520 621 843 663 Ps.—Plutarchi
875 621 1042 663 fontem
1067 620 1362 676 Chrysippum
1394 620 1528 663 fuisse
1560 647 1617 653 —-
1649 622 1695 664 id
1727 623 1846 676 quod
1875 635 1956 664 nos
1982 621 2048 663 in-

228 693 508 747 vestigamus.
538 691 667 747 Quod
695 693 731 734 si
756 707 873 734 nunc
900 691 1082 746 paulum
1110 693 1511 746 praetermittimus,
1539 692 1612 735 ille
1638 694 1704 735 vir
1724 693 1880 735 doctus
1897 691 2048 734 multis

226 764 334 806 locis
378 763 565 818 probare
611 763 769 815 studet,
816 763 934 818 quod
979 764 1033 827 de
1076 763 1206 805 rebus
1252 763 1517 818 quibusdam
1560 779 1694 819 supra
1737 764 1918 816 conieci,
1954 763 2048 806 Ps.-

226 835 459 877 Plutarchi
498 836 628 877 verba
667 849 755 877 non
794 835 976 877 minima
1017 848 1069 876 ex
1107 839 1233 889 parte
1266 849 1365 877 cum
1397 835 1450 877 iis
1483 835 1762 889 opinionibus
1795 847 2049 889 congruere,

227 921 338 961 quas
380 907 472 948 iure
512 907 557 947 in
589 906 848 960 Peripatum
880 920 1083 948 revocare
1117 920 1349 961 possumus
1388 906 1461 962 (cf.
1489 905 1587 949 Sch.
1613 922 1657 961 p.
1682 909 1739 950 29
1767 908 1860 961 sq.).
1920 905 2047 948 Idem

225 978 479 1029 rectissime,
504 981 554 1020 ut
578 977 685 1019 mihi
713 977 890 1032 quidem
909 978 1094 1029 videtur,
1118 977 1615 1033 Neo-Pythagoreorum
1636 978 1864 1033 opiniones
1883 976 2047 1019 similes

227 1054 471 1103 comparat;
503 1049 635 1091 liceat
665 1049 774 1091 mihi
806 1063 980 1103 quoque
1013 1049 1161 1104 Myiae
1199 1049 1522 1104 Pythagoricae
1561 1048 1794 1103 epistulam
1833 1048 1935 1106 (Ep.
1968 1048 2046 1091 Gr.

225 1135 267 1175 p.
296 1122 377 1163 601
416 1135 480 1175 ep.
509 1122 576 1172 12,
607 1120 791 1172 Herch.)
836 1119 1004 1171 afferre,
1050 1125 1100 1162 ut
1143 1125 1311 1175 quanta
1357 1121 1413 1162 sit
1454 1120 1707 1174 similitudo,
1747 1119 2045 1174 intellegatur:

224 1194 366 1234 τίτθαν
397 1193 646 1240 ἐκλέξασθαι
676 1194 750 1234 τάν
788 1193 1118 1235 ἒπιταδειοτάταν
1149 1193 1220 1234 καὶ
1259 1194 1469 1247 καθάριον
1497 1227 1505 1234 .
1535 1225 1545 1235 .
1571 1194 1782 1248 αἷόήμονα
1818 1209 1857 1234 κ.
1882 1208 1912 1233 τ.
1938 1193 1972 1234 λ.
1998 1223 2008 1233 .
2034 1221 2043 1231 .

224 1265 383 1320 μεγάλα
424 1264 503 1318 γὰρ
542 1265 661 1319 μερὶς
688 1297 695 1304 .
724 1296 732 1304 .
758 1266 814 1310 εἷς
854 1265 957 1305 ὅλαν
992 1264 1066 1305 τάν
1096 1264 1238 1318 βιοτὰν
1268 1266 1380 1306 πέλει
1409 1266 1453 1306 ἓν
1483 1269 1535 1318 τᾷ
1564 1252 1762 1319 τρεφοίσᾳ
1786 1295 1795 1304 .
1822 1295 1832 1305 .
1857 1265 1964 1306 ἔστω
1996 1262 2044 1306 δὲ

224 1337 313 1390 μήτ’
358 1336 502 1390 ὀργίλα
515 1335 546 1389 1)
585 1336 755 1377 τιτθάνα
796 1337 899 1390 μήτε
941 1335 1217 1390 πρόγλωσσος
1246 1366 1254 1376 .
1283 1369 1290 1375 .
1317 1335 1420 1377 ἀλλὰ
1462 1337 1684 1390 τεταγμένα
1728 1335 1799 1377 καὶ
1839 1335 2043 1389 σώφρων.

224 1406 399 1449 δυνατὸν
438 1407 475 1448 δ’
494 1409 543 1447 ὃν
581 1407 639 1461 μὴ
679 1408 910 1461 βάρβαρος,
949 1406 1052 1449 ἀλλὰ
1084 1405 1273 1461 Ἑλληνίς.
1307 1405 1418 1448 Item
1450 1405 1612 1448 Sorani
1642 1408 1927 1459 praeceptum
1957 1404 1984 1446 1.
2015 1403 2043 1452 l,

223 1492 264 1531 p.
305 1479 405 1529 264,
454 1479 506 1518 12
552 1477 763 1532 Ἑλληνίδα
809 1479 868 1527 δέ,
903 1480 1026 1532 χάριν
1075 1482 1147 1520 τοῦ
1185 1483 1233 1533 τῇ
1271 1479 1461 1532 καλλίστῃ
1501 1479 1702 1532 διαλέκτῳ
1743 1478 1964 1532 ἐθισθῆναι
1998 1477 2044 1519 τὸ
2109 1482 2112 1486 ’

222 1549 479 1603 τρεφόμενον
515 1550 587 1591 ὑπ’
629 1551 755 1603 αὐτῆς
786 1548 896 1590 111110
929 1547 1058 1590 1110ἁο
1092 1548 1415 1590 Ps.-Plutarchi
1448 1548 1647 1602 opinioni
1678 1547 1817 1590 simile
1849 1551 1929 1599 est,
1969 1546 2045 1601 qui

221 1619 268 1660 in
306 1618 553 1661 nutricibus
600 1622 716 1661 certo
757 1633 847 1662 non
896 1619 1054 1672 minus,
1104 1633 1237 1673 quam
1285 1620 1330 1661 in
1369 1619 1552 1662 servulis
1597 1618 1674 1676 (cf.
1709 1620 1931 1675 Ἑλληνικὰ
1974 1619 2044 1662 καὶ

220 1693 443 1745 περίτρανα
493 1691 645 1746 λαλεῖν)
694 1694 864 1732 rectum
915 1704 1158 1732 sermonem
1209 1691 1427 1745 respiciat.
1476 1690 1861 1733 Ps.-Plutarchum
1908 1689 2045 1744 igitur

220 1760 435 1803 nonnulla
456 1761 673 1815 exhibere,
696 1775 809 1816 quae
829 1762 1226 1816 Peripateticorum
1248 1761 1527 1816 opinionibus
1548 1762 1710 1816 optime
1730 1760 2041 1817 respondeant,

221 1833 375 1887 negari
411 1833 501 1874 iam
537 1847 628 1875 non
666 1836 826 1887 potest.
865 1833 988 1888 Quos
1019 1834 1138 1888 ipsos
1170 1847 1332 1888 magna
1365 1847 1417 1875 ex
1447 1837 1575 1888 parte
1606 1834 1808 1876 notiones
1839 1832 2042 1887 vulgares

220 1904 437 1958 recepisse
452 1908 584 1958 atque
598 1904 692 1946 vice
712 1918 838 1947 versa
853 1918 1003 1947 eorum
1018 1905 1266 1947 doctrinam
1278 1905 1466 1959 posteris
1485 1905 1754 1959 temporibus
1767 1904 1929 1958 ubique
1942 1917 2040 1958 per-

220 1975 445 2029 vulgatam
465 1975 601 2017 fuisse
624 1975 855 2018 Schickius
875 1980 992 2018 recte
1014 1976 1243 2019 adnotavit
1261 1976 1320 2034 (p.
1341 1978 1398 2018 24
1413 1976 1512 2019 adn.
1533 1978 1603 2019 43.
1623 1976 1696 2019 fin.
1721 1976 1845 2027 „Wir
1863 1979 2041 2018 miissen

222 2046 335 2087 doch
374 2046 626 2101 iiberhaupt
664 2046 733 2088 die
767 2046 992 2089 Kenntnis
1025 2047 1101 2089 des
1134 2047 1544 2103 Erziehungstopos
1577 2047 1642 2090 als
1675 2047 1775 2090 sehr
1806 2046 2040 2101 allgemein

220 2116 456 2159 verbreitet
487 2143 544 2148 -—
575 2117 646 2159 bei
678 2117 1181 2173 Popularphilosophen‚
1208 2118 1461 2174 Sophisten,
1486 2119 1724 2171 Rhetoren,
1748 2106 1930 2172 Arzten,
1955 2117 2039 2160 den

222 2187 489 2232 Gebildeten
520 2188 769 2244 iiberhaupt
800 2215 855 2244 ,-
881 2190 1248 2246 voraussetzen“).
1274 2190 1395 2232 Num
1419 2190 1554 2245 igitur
1577 2190 1671 2232 ulla
1695 2204 1741 2232 re
1767 2189 2041 2240 adducimur,

220 2265 268 2303 ut
301 2259 536 2316 Chrysippi
574 2260 735 2302 librum
772 2260 945 2303 fontem
982 2260 1225 2303 habeamus
1262 2262 1307 2303 in
1339 2261 1483 2313 rebus,
1517 2275 1630 2315 quae
1661 2266 1754 2303 tam
1787 2273 2039 2303 communes

220 2331 309 2373 sint
347 2345 398 2373 ac
435 2335 668 2386 tantopere
707 2331 899 2377 colorem
936 2332 1284 2386 Peripateticum
1322 2332 1527 2374 exhibere
1564 2331 1824 2374 videantur?
1868 2330 2039 2386 Quodsi

221 2402 450 2445 Schickius
491 2403 608 2457 apud
649 2402 1032 2446 Ps.-Plutarchum
1074 2406 1332 2458 argumenta
1370 2403 1565 2458 physica,
1609 2417 1723 2457 quae
1761 2403 1814 2445 de
1850 2402 2037 2445 nutricis

218 2473 334 2515 lacte
379 2477 495 2526 sunt,
547 2474 697 2516 deesse
741 2478 968 2529 totamque
1012 2489 1103 2516 rem
1147 2475 1288 2530 magis
1334 2489 1355 2516 e
1401 2474 1595 2517 moribus
1639 2474 1824 2516 tractari
1865 2473 2038 2528 profert

218 2544 406 2603 ideoque
439 2545 733 2601 Chrysippum
773 2560 948 2600 quoque
978 2546 1043 2588 ita
1075 2546 1215 2600 egisse
1248 2550 1409 2598 censet,
1449 2560 1501 2588 ex
1532 2545 1681 2601 Myiae
1713 2544 1903 2599 epistula
1933 2558 2035 2587 con-

220 2615 337 2657 cludi
355 2616 459 2658 licet
476 2616 598 2659 illam
619 2617 959 2672 argumentandi
983 2618 1201 2660 rationem
1226 2617 1356 2661 facile
1384 2617 1547 2669 deesse,
1574 2617 1651 2659 ubi
1675 2620 1914 2672 praecepta
1940 2616 2034 2659 bre-

218 2687 329 2729 viter
355 2692 648 2742 exponuntur.
675 2689 914 2731 Praeterea
939 2703 1110 2731 morum
1129 2693 1173 2731 et
1193 2689 1466 2732 educationis
1486 2689 1626 2743 ipsius
1646 2689 1952 2743 quaestionem
1977 2713 2034 2719 —

220 2772 352 2812 quam
368 2757 598 2801 Schickius
624 2774 713 2801 non
739 2760 950 2802 tractavit
970 2785 1024 2789 —
1047 2775 1145 2802 cum
1171 2760 1355 2802 nutricis
1382 2764 1426 2802 et
1443 2759 1804 2814 paedagogorum
1823 2758 2033 2802 electione

219 2843 351 2883 quam
389 2830 576 2872 maxime
617 2831 898 2873 coniunctam
936 2831 1125 2885 ideoque
1161 2845 1251 2874 non
1281 2831 1425 2873 minus
1457 2831 1682 2886 vulgarem
1713 2831 1848 2873 fuisse
1878 2844 1958 2884 per
1987 2844 2032 2872 se

218 2904 352 2953 patet.
383 2901 543 2955 Itaque
570 2901 841 2957 Chrysippus
875 2916 1051 2957 quoque
1084 2903 1177 2945 sine
1210 2902 1342 2945 dubio
1374 2902 1513 2945 multa
1543 2903 1761 2957 praebuit,
1795 2916 1908 2956 quae
1940 2902 2033 2945 eius

364 3006 390 3050 ¹)
417 3006 463 3040 cf.
492 3006 621 3041 Soran.
648 3020 689 3042 π.
714 3018 799 3053 γυν.
824 3009 917 3043 παῦ.
944 3019 973 3043 0.
993 3009 1050 3053 32,
1076 3020 1111 3053 p.
1131 3009 1212 3053 264,
1242 3010 1257 3043 1
1285 3007 1383 3043 Rose
1411 3009 1623 3055 ἀόργιστον
1649 3020 1682 3044 u.
1706 3020 1738 3044 τ.
1764 3009 1799 3044 λ..
1832 3007 1918 3042 Non
1943 3007 2032 3042 alie-

216 3075 305 3097 num
337 3066 394 3098 est-
425 3064 603 3100 Senecam
636 3066 674 3112 (i.
701 3078 731 3100 e.
758 3067 1017 3113 Posidonium)
1050 3079 1263 3112 comparare
1291 3068 1345 3103 De
1371 3068 1413 3102 ir.
1439 3067 1481 3102 II
1507 3068 1564 3111 21,
1590 3069 1611 3103 9
1641 3067 1835 3112 pertinebit
1869 3067 1919 3101 ad
1953 3078 2031 3101 rem

213 3126 458 3167 praeceptores
478 3125 769 3169 pccedayoyosque
788 3152 795 3161 .
817 3152 825 3160 .
840 3125 1009 3171 placidos
1033 3126 1130 3161 dari.
