2138 3438
954 134 1248 176 -66-

188 275 289 317 illos
319 275 450 317 nimis
482 288 509 316 a
540 274 811 329 turpiloquio
845 275 1126 318 abhorruisse
1157 289 1247 317 non
1280 280 1346 318 est
1375 275 1623 330 verisimile,
1667 290 1756 331 qua
1799 279 1928 319 erant
1963 277 2010 319 in

187 346 352 389 talibus
377 346 508 388 rebus
534 346 740 389 socordia
766 339 838 401 (cf.
868 346 957 389 Cic.
983 347 1066 401 Ep.
1095 346 1153 389 ad
1179 346 1281 388 fam.
1308 347 1383 389 IX
1409 349 1477 401 22,
1506 349 1527 390 1
1555 349 1620 391 sie
1642 349 1762 391 enim
1788 348 2012 391 disserunt

187 419 305 461 nihil
333 433 420 461 esse
451 433 694 474 opseenum,
726 419 842 461 nihil
874 423 999 474 turpe
1030 420 1150 461 dictu
1183 422 1226 461 et
1251 418 1320 461 De
1353 418 1464 463 offic.
1495 419 1520 461 I
1555 421 1637 462 128
1676 420 1831 476 Cynici
1860 424 1943 463 aut
1971 420 2013 462 si

188 491 268 546 qui
291 491 479 546 fuerunt
506 490 795 545 Stoieipaene
815 490 962 546 cynici
980 504 1016 531 e.
1039 504 1078 544 q.
1100 491 1153 545 s.)
1175 489 1305 533 Certe
1325 491 1677 544 posteriorum
1709 491 2010 535 Stoicorum

189 561 493 616 elegantiae
525 562 667 616 magis
711 562 917 603 convenit
946 560 1036 603 tale
1068 565 1365 616 praeceptum,
1410 562 1528 616 apud
1561 577 1671 617 quos
1707 563 1926 605 modestia
1958 575 2011 604 ac

187 633 320 675 decor
362 632 540 687 plurimi
583 632 762 675 fiebant.
807 632 1022 674 Eiusdem
1065 633 1355 675 humanitatis
1399 633 1608 687 cultioris,
1651 637 1702 676 ut
1743 634 1807 676 ita
1851 633 2010 687 dicam,

185 707 473 758 praeceptum
507 717 695 758 sequens
728 707 806 756 est,
842 717 928 757 quo
961 717 1121 758 pueros
1154 703 1368 746 amabiles
1400 708 1444 747 et
1476 703 1678 748 affabiles
1708 706 1755 748 in
1789 705 2010 747 communi

185 775 301 817 vitae
333 790 416 817 usu
451 789 545 817 esse
591 775 780 829 scriptor
811 773 904 817 vult
949 775 1245 832 (ἐντευκτικοὺς
1277 778 1346 818 καὶ
1388 775 1815 834 φιλοπροσηγόρους).
1848 775 2008 819 Confe-

186 845 408 904 rantur1):
432 846 604 889 Seneca
623 846 693 888 De
713 847 782 888 ira
795 846 844 888 II
859 848 927 900 21,
948 848 973 888 5
994 848 1145 889 demus
1163 861 1352 902 operam,
1370 850 1423 889 ut
1439 848 1682 902 familiaris
1700 849 1759 890 sit
1773 848 1918 903 (puer)
1939 849 2012 902 iis,

185 932 286 960 eum
317 918 478 972 quibus
520 919 770 961 contendere
800 919 927 970 solet‚·
962 917 1117 961 Cicero
1152 918 1221 960 De
1254 917 1369 960 offic.
1401 918 1450 961 ΙΙ
1483 921 1550 973 14,
1582 920 1638 962 28
1678 920 1857 975 difficile
1889 919 2010 962 dictu

185 993 259 1044 est,
290 993 554 1044 quantopere
579 990 778 1033 conciliet
799 991 973 1032 animos
997 991 1176 1032 comitas
1203 991 1542 1046 adfabilitasque
1566 992 1805 1042 sermonis,·
1831 989 2008 1032 Aristo·

186 1059 295 1102 teles
326 1060 428 1103 Eth.
460 1060 560 1103 Nic.
592 1061 660 1105 IV
697 1063 870 1103 11——12
916 1061 969 1103 de
1013 1061 1248 1104 virtutibus
1294 1062 1398 1116 agit,
1437 1075 1549 1116 quae
1580 1063 1796 1117 imprimis
1829 1075 2008 1116 conver-

186 1131 324 1173 sando
359 1146 457 1174 cum
489 1131 742 1174 hominibus
783 1136 1018 1187 apparent;
1065 1133 1398 1188 Theophrastus
1429 1134 1618 1188 Χαρακτ.
1650 1134 1743 1178 XV
1775 1135 2010 1177 αὐθάδειαν

186 1203 410 1254 describit,
437 1203 464 1245 i.
486 1217 522 1245 e.
544 1203 638 1245 eius
660 1204 854 1246 animum
877 1205 952 1259 qui
977 1205 1197 1246 neminem
1223 1205 1405 1259 respicit
1430 1209 1473 1248 et
1501 1219 1599 1247 cum
1624 1204 1825 1247 omnibus
1844 1205 2008 1259 litigat3

183 1274 456 1316 Iamblichus
474 1275 650 1329 saepius
664 1290 761 1317 eam
782 1289 873 1331 rem
886 1276 1044 1330 tangit,
1062 1280 1113 1317 ut
1130 1275 1201 1318 De
1215 1291 1254 1317 v.
1268 1276 1396 1330 Pyth.
1413 1278 1467 1318 95
1484 1278 1708 1332 (ἡμερότης
1728 1280 1773 1319 et
1790 1277 2008 1332 πρᾳότης),

188 1347 272 1388 100
287 1347 464 1400 (contra
485 1347 770 1401 φιλονεικίανζ,
788 1348 869 1389 188
887 1346 943 1388 ad
956 1349 1242 1402 σωφροσύνην
1262 1346 1541 1390 efficiendam
1559 1348 1810 1390 necessaria
1830 1351 1914 1389 est:
1937 1379 1946 1389 .
1970 1380 1977 1388 .
1999 1379 2008 1389 .

184 1418 293 1470 πρὸς
328 1417 420 1463 τοὺς
455 1419 659 1472 ὁμήλικας
685 1419 893 1465 ἄπλαστος
919 1419 1115 1474 ὁμοιότης
1135 1421 1204 1461 καὶ
1229 1419 1531 1474 φιλοφροσύνη.
1557 1418 1710 1460 Facile
1736 1417 2010 1473 intellegitur

184 1487 305 1530 illam
351 1489 603 1530 comitatem
646 1489 1052 1543 Peripateticae
1097 1491 1380 1546 σωφροσύνης
1422 1504 1628 1544 magnam
1665 1494 1839 1544 partem
1870 1489 2008 1531 fuisse

183 1573 324 1613 neque
350 1560 533 1601 minoris
559 1560 603 1601 in
629 1560 776 1602 media
797 1560 908 1603 Stoa
933 1560 1098 1602 factam
1119 1574 1226 1604 esse.
1251 1561 1307 1603 In
1328 1560 1683 1603 contentionibus
1710 1565 1842 1615 atque
1864 1563 2008 1603 certa-

183 1630 376 1672 minibus
422 1631 793 1673 Ps.-Plutarchus
833 1631 1042 1685 postulat,
1075 1635 1126 1673 ut
1156 1632 1283 1686 pueri
1325 1646 1655 1686 nonnumquam
1688 1633 1861 1687 possint
1890 1632 2008 1675 zinci

185 1701 372 1755 aliisque
418 1703 632 1757 cedere2).
680 1702 965 1757 Quantopere
1005 1703 1174 1746 Seneca
1200 1703 1268 1745 De
1295 1704 1362 1746 ira
1388 1704 1436 1746 II
1462 1706 1514 1746 21
1551 1704 1793 1762 Posidonio
1827 1707 2007 1746 auctore

183 1787 418 1827 puerorum
438 1773 760 1825 aemulationis,
783 1775 1082 1828 certaminum,
1101 1774 1307 1817 vincendi
1328 1774 1463 1817 studii
1483 1775 1699 1817 rationem
1718 1775 1894 1828 habeat,
1918 1775 2007 1817 iam

184 1859 318 1898 supra
350 1844 517 1886 dictum
549 1849 626 1888 est.
671 1845 902 1887 Eiusmodi
948 1850 1187 1901 praecepta
1227 1846 1348 1888 illius
1390 1846 1702 1901 psychologiae
1744 1851 1859 1899 sunt,
1894 1859 2006 1901 quae

183 1916 448 1970 cupiditates
480 1916 670 1958 hominis
702 1918 859 1959 insitas
885 1931 974 1959 non
1006 1917 1207 1959 funditus
1240 1918 1492 1972 exstinguit,
1527 1917 1605 1959 sed
1639 1931 1838 1959 coercere
1873 1921 2006 1971 atque

182 2001 333 2042 regere
367 1987 529 2030 studet.
561 2014 617 2018 ——
650 1987 775 2042 Quae
810 1985 978 2030 deinde
1003 1991 1268 2030 enarrantur
1299 1990 1374 2043 (10
1388 1988 1447 2044 B)
1480 1991 1572 2045 βίον
1598 1989 1820 2044 ἀτύφωτον
1847 1992 2002 2036 ἀσκεῖν,
2079 2032 2084 2038 ,

184 2061 255 2114 τὴν
288 2061 471 2114 γλῶτταν
505 2062 698 2114 κατέχειν,
731 2066 801 2115 τῆς
833 2062 961 2115 ὀργῆς
993 2062 1192 2114 ὑπεράνω
1226 2061 1450 2115 γίγνεσθαι,
1480 2065 1564 2102 τῶν
1595 2065 1750 2115 χειρῶν
1782 2059 2007 2115 κρατεῖν3),

183 2131 415 2184 complecti
447 2144 679 2185 possumus
724 2145 777 2172 ea
817 2133 992 2182 virtute,
1036 2145 1168 2185 quam
1199 2123 1279 2173 nos
1324 2131 1670 2174 dominationem
1701 2131 1781 2184 sui,
1813 2132 1838 2174 i.
1872 2145 1908 2174 e.
1941 2130 2006 2173 af-

181 2201 375 2243 fectuum
407 2205 451 2243 et
481 2201 715 2244 libidinum
748 2201 946 2244 dicimus.
979 2203 1050 2244 Ac
1077 2203 1131 2244 de
1156 2203 1298 2257 prima
1324 2203 1482 2245 virtute
1508 2203 1759 2245 accuratius
1786 2216 2004 2257 exponere

182 2273 372 2327 scriptor
417 2272 580 2315 oblitus
621 2277 698 2315 est.
742 2274 898 2328 Τῦφος,
942 2287 1070 2327 quem
1115 2274 1357 2328 exstirpare
1400 2274 1507 2326 vult,
1551 2274 1711 2328 ubique
1744 2274 2006 2329 repudiatur

184 2344 254 2398 (cf.
283 2358 317 2387 e.
338 2359 376 2399 g.
397 2344 623 2387 Plutarch.
649 2344 719 2387 De
740 2345 843 2386 aud.
871 2346 926 2387 39
947 2345 990 2387 D
1018 2351 1162 2399 τῦφος,
1181 2347 1322 2401 ὄγκος,
1342 2344 1551 2402 φύσημα).
1585 2346 1648 2387 De
1668 2345 1736 2387 ira
1757 2345 2002 2387 cohibenda

181 2415 382 2469 exempla
431 2415 675 2458 afferuntur
724 2414 943 2470 Socrates,
991 2414 1229 2470 Archytas,
1280 2416 1422 2459 Plato.
1466 2415 1617 2470 Atque
1659 2415 1784 2458 illum
1827 2416 2006 2470 quidem

182 2485 470 2528 contumelias
503 2486 634 2541 plane
666 2487 980 2541 contempsisse
1013 2491 1057 2529 et
1086 2501 1242 2530 revera
1268 2489 1472 2543 ἀόργητον
1498 2487 1632 2530 fuisse
1665 2487 2006 2530 demonstratur.

182 2557 349 2603 Tamen
379 2557 426 2599 id
452 2557 593 2599 solum
619 2558 808 2612 scriptor
841 2562 1044 2612 expetere
1081 2559 1254 2601 videtur
1286 2559 1361 2616 (10
1383 2559 1424 2600 D
1457 2558 1565 2613 fin.):
1597 2561 1812 2613 πειρατέον
1839 2559 1916 2601 οὖν
1947 2561 2004 2605 εἷς

182 2630 281 2671 ὅσον
314 2630 402 2671 οἷόν
429 2631 462 2670 τ’
498 2631 602 2671 ἐστὶν
622 2662 659 2671 ..
693 2631 738 2672 τὸ
769 2631 877 2672 πολὺ
909 2636 978 2685 τῆς
1011 2633 1219 2684 ἀκρατοῦς
1251 2633 1321 2673 καὶ
1351 2632 1606 2685 μαινομένης
1638 2632 1829 2686 ὑφαιρεῖν
1861 2631 2002 2685 ὀργῆς.

324 2758 351 2799 1)
372 2757 474 2802 Quae
501 2770 559 2793 res
587 2770 675 2793 sane
701 2759 920 2804 vulgaribus
947 2760 1186 2804 opinionibus
1212 2761 1344 2795 similis
1371 2762 1440 2795 est:
1481 2760 1677 2797 Ps.-1socr.
1706 2760 1815 2806 Πρὸς
1839 2762 1928 2807 Δημ.
1956 2761 2001 2796 15

177 2817 229 2862 μὴ
251 2818 500 2864 σκυθρωπός,
519 2819 623 2853 ἀλλὰ
644 2820 822 2863 σύννους,
843 2819 888 2854 20
908 2820 1273 2867 φιλοπροσήγορος,
1291 2820 1594 2866 εὐπροσήγορος
1615 2846 1623 2854 .
1645 2845 1654 2854 .
1675 2847 1696 2864 .,
1721 2820 1767 2856 30
1784 2819 1891 2867 πρὸς
1910 2821 2003 2865 τοὺς

179 2878 474 2923 πλησιάζοντας
500 2877 734 2923 ὁμιλητικὸς,
762 2878 804 2913 31
834 2889 879 2912 ne
906 2879 953 2913 sis
980 2878 1149 2925 δύσερις,
1175 2878 1419 2926 δυσάρεστος
1442 2892 1475 2914 u.
1503 2890 1534 2914 τ.
1561 2881 1595 2914 λ.

324 2948 352 2992 ²)
379 2947 433 2982 Of.
462 2951 498 2983 et
537 2948 798 2993 Xenophontis
825 2949 960 2994 Cyrup.
986 2949 1006 2984 1
1031 2950 1065 2993 4,
1090 2951 1114 2985 4
1136 2977 1142 2984 .
1165 2978 1173 2986 .
1199 2951 1430 2996 ἡττώμενος
1455 2949 1478 2985 ὂ
1494 2950 1503 2962 ’
1525 2951 1645 2995 αὐτὸς
1675 2952 1728 2996 ἐφ
1746 2951 1756 2963 ’
1777 2951 1904 2996 ἑαυτῷ
1927 2951 2002 2995 μά-

180 3008 298 3042 λιστα
324 3008 459 3052 ἐγέλα.

325 3078 352 3122 3)
373 3077 497 3112 Simili
518 3079 662 3114 ratione
683 3080 963 3125 coniunguntur
981 3092 1001 3114 a
1020 3080 1264 3115 Ps.-Isocrate
1295 3081 1401 3127 Πρὸς
1421 3082 1510 3126 Δημ.
1528 3081 1570 3115 21
1593 3082 1803 3127 ἐγκράτεια
1822 3079 2002 3127 κέρδους,

181 3138 317 3182 ὀργῆς,
342 3135 503 3182 ἡδονῆς,
529 3139 669 3184 λύπης-
