2138 3438
962 145 1256 186 —64-

201 299 376 339 quoque
409 285 628 327 educandi
661 285 868 337 subsidia,
902 299 1015 339 quae
1048 285 1338 340 castigatione
1371 286 1606 341 repudiata
1630 301 1720 329 una
1752 300 1851 329 cum
1882 287 2019 331 laude

201 370 252 398 ac
284 356 574 411 vituperando
608 357 982 408 commendantur,
1029 356 1171 399 eidem
1202 355 1509 411 philosophiae
1543 357 1782 401 attribuere
1814 372 1902 400 non
1934 359 2021 402 erit

202 427 404 470 alienum.
449 427 687 470 Praeterea
729 428 960 479 accedunt,
992 442 1105 482 quae
1149 440 1241 469 rem
1273 428 1406 470 etiam
1437 428 1782 471 verisimiliorem
1813 429 2018 473 reddant.

200 498 576 541 Ps.-Plutarchus-
596 498 682 541 9A
712 503 862 541 monet
895 501 978 542 δεῖν
1021 499 1119 545 τοὺς
1149 500 1304 546 παῖδας
1333 501 1399 542 ἐπὶ
1430 500 1478 542 τὰ
1509 501 1618 543 καλὰ
1644 533 1652 542 .
1680 534 1688 542 .
1721 503 1834 556 ἄγειν
1865 517 2018 555 παραι-

199 573 328 613 νέσεσι
359 572 430 614 καὶ
472 572 633 626 λόγοις,·
680 569 791 612 illud
836 572 973 625 λόγοις
1016 570 1140 612 varia
1185 569 1502 624 complectitur,
1545 571 1698 614 insunt
1729 575 1772 614 et
1803 561 1869 624 ea,
1901 586 2016 626 quae

200 645 478 696 exponuntur
500 644 553 685 12
569 641 623 684 O:
649 646 798 696 patres
819 641 1167 684 adulescentium
1187 655 1330 683 mores
1351 655 1501 696 regere
1530 647 1704 697 oportet
1729 645 2019 692 διδάσκοντας,

200 714 480 762 ἀπειλοῦντας,
525 715 767 767 δεομένους,
803 714 1117 768 παραδείγματα
1157 714 1395 760 δεικνύντας
1431 718 1516 756 τῶν
1554 715 1623 757 διὰ
1660 716 1906 770 φιληδονίαν
1938 716 2019 770 μὲν

198 790 436 839 συμφοραῖς
467 786 784 841 περιπεσόντων,
818 786 884 826 διά
916 802 957 827 τε
988 787 1206 839 καρτερίαν
1239 786 1410 827 ἔπαινον
1442 787 1511 828 καὶ
1544 786 1672 834 δόξαν
1704 787 1870 842 ἀγαθὴν
1901 803 2018 841 περι-

198 857 509 910 ποιησαμένων,
555 856 697 911 Quem
739 855 898 908 locum,
945 869 1043 898 cum
1087 855 1247 897 iterum
1303 855 1399 898 laus
1445 869 1497 898 ac
1528 854 1799 898 bonafama
1829 857 2018 899 maxime

200 926 257 968 ad
290 926 508 981 agendum
551 926 795 981 impellant,
839 941 936 968 cum
982 926 1280 981 superioribus
1324 927 1679 982 coniungendum
1709 941 1803 970 esse
1837 941 2018 970 consen-

198 1001 378 1039 taneum
411 1002 489 1040 est.
524 998 726 1052 Scriptor
757 999 904 1052 igitur,
944 1002 995 1039 ut
1026 1002 1234 1052 repetam,
1266 997 1470 1052 patribus
1502 999 1797 1041 commendat:
1831 998 2018 1042 suadere

199 1082 251 1111 ac
275 1083 452 1111 monere
480 1070 766 1124 (παραίνεσις),
793 1070 1012 1112 instruere
1040 1083 1092 1111 ac
1119 1069 1276 1111 docere
1303 1070 1564 1126 (διδάσκειν),
1596 1070 1756 1112 minari
1788 1069 2019 1126 (ἀπειλεῖν),

198 1154 352 1194 rogare
377 1140 592 1197 (δεῖσθαι),
619 1140 819 1195 exempla
846 1141 1094 1195 depingere,
1119 1154 1174 1182 ne
1199 1139 1353 1189 multa,
1380 1140 1583 1182 omnibus
1610 1141 1784 1183 dicendi
1811 1141 2021 1184 subsidiis

199 1211 349 1267 (λόγοι)
381 1212 457 1255 uti.
492 1211 587 1253 Iam
619 1216 669 1253 ut
699 1226 789 1254 non
821 1226 921 1254 raro
954 1212 999 1254 in
1032 1225 1123 1253 rem
1155 1212 1406 1264 incidimus,
1453 1225 1565 1266 quae
1598 1212 1643 1253 in
1676 1213 1878 1254 omnibus
1911 1212 2018 1255 edu-

199 1282 329 1324 candi
367 1282 579 1324 doctrinis
610 1284 776 1325 versari
810 1283 1016 1325 debebat:
1063 1284 1159 1336 quis
1193 1284 1307 1325 enim
1340 1297 1428 1324 non
1461 1284 1746 1338 praeceperit,
1789 1287 1839 1325 ut
1870 1284 2021 1338 pueris

199 1353 450 1407 suadeatur,
474 1358 525 1395 ut
549 1358 825 1406 moneantur,
852 1358 902 1396 ut
927 1354 1128 1408 exempla
1148 1354 1211 1396 eis
1237 1354 1501 1396 imitationis
1521 1368 1656 1396 causa
1683 1355 2017 1408 proponantur?

197 1425 252 1466 In
280 1425 481 1467 omnibus
506 1425 784 1480 philosophis
815 1429 1100 1480 praeceptum
1120 1425 1254 1467 valet:
1286 1425 1402 1469 Plut.
1430 1425 1499 1469 De
1519 1426 1619 1468 aud.
1651 1441 1692 1480 p.
1712 1425 1819 1469 200
1851 1428 1892 1469 οἱ
1915 1430 2020 1481 γοῦν

198 1498 422 1552 φιλόσοφοι
458 1498 764 1552 παραδείγμασι
801 1502 996 1551 χρῶνται,
1033 1498 1325 1543 νουθετοῦντες
1364 1499 1433 1540 καὶ
1468 1498 1735 1543 παιδεύοντες
1767 1498 1812 1546 ἔξ
1848 1499 2017 1540 ὑποκει-

197 1570 341 1622 μένων
360 1568 429 1610 vel
448 1569 518 1610 De
546 1569 646 1611 aud.
668 1570 723 1611 39
739 1568 783 1611 A
808 1572 860 1611 ἂν
887 1570 933 1611 δέ
957 1586 1013 1616 τις
1039 1569 1190 1615 αὐτοὺς
1215 1568 1310 1623 (int.
1336 1571 1519 1622 νεανίας)
1548 1569 1722 1623 διδάσκῃ
1749 1585 1783 1610 τι
1806 1573 1891 1611 τῶν
1915 1584 2015 1626 χρη-

198 1642 335 1693 σίμων
355 1643 380 1694 ἢ
400 1646 582 1695 παραινῇ
603 1645 688 1683 τῶν
708 1642 890 1683 δεόντων
903 1644 928 1696 ἢ
943 1642 1123 1695 νουθετῇ
1136 1640 1484 1695 πλημμελοῦντας
1497 1643 1523 1695 ἢ
1539 1641 1809 1694 καταπραΰνῃ
1823 1640 2016 1694 χαλεπαί·

196 1727 350 1758 νοντας.
378 1710 673 1753 Oonsentiunt
697 1711 1058 1766 philosophorum
1084 1711 1269 1762 iudicia;
1300 1714 1350 1753 ut
1376 1725 1526 1753 eorum
1550 1711 1796 1765 principem
1822 1709 2016 1753 afferam.

197 1781 328 1823 Plato
362 1786 512 1824 censet
543 1782 638 1825 Pol.
671 1782 815 1825 390D
838 1817 845 1824 .
868 1815 905 1827 ..
951 1785 993 1826 εἴ
1027 1785 1112 1826 πού
1155 1800 1258 1829 τινες
1277 1814 1286 1823 .
1308 1816 1315 1824 .
1337 1816 1346 1824 .
1391 1784 1600 1837 καρτερίαι
1621 1818 1628 1826 .
1648 1814 1658 1824 .
1679 1816 1687 1824 .
1732 1784 1802 1824 καὶ
1833 1783 2038 1836 λέγονται.

197 1856 266 1895 καὶ
297 1856 540 1908 πράττονται
579 1856 662 1897 ὑπὸ
693 1856 927 1910 ἐλλογίμων
961 1855 1144 1909 ἀνδρῶν.
1166 1888 1175 1897 .
1196 1888 1233 1898 ..
1268 1856 1442 1897 θεατέον
1474 1855 1543 1896 καὶ
1575 1855 1816 1904 ἀκουστέον,
1847 1857 1892 1894 et
1921 1856 2018 1895 tota

196 1923 275 1966 illa
318 1924 567 1967 fabularum
613 1930 744 1979 atque
790 1926 898 1968 artis
941 1926 1140 1980 poeticae
1184 1925 1393 1967 tractatio
1425 1925 1472 1967 id
1516 1928 1698 1978 spectat,
1737 1927 1787 1965 ut
1818 1922 2017 1978 exempla

197 2000 502 2050 proponantur
532 1997 769 2039 imitationi
811 1997 942 2039 bona.
986 1997 1116 2039 Alios
1161 1996 1281 2039 locos
1313 1997 1359 2038 in
1390 2010 1437 2038 re
1471 1996 1578 2038 satis
1611 1995 1788 2050 cognita
1819 1993 2016 2049 proferre

196 2065 376 2120 longum
409 2071 492 2119 est;
526 2068 572 2109 id
604 2082 739 2109 unum
772 2072 1034 2122 repetamus,
1073 2068 1191 2122 quod
1224 2081 1358 2122 supra
1392 2066 1576 2109 allatum
1608 2070 1688 2119 est,
1722 2066 2016 2120 Chrysippum

198 2151 371 2191 quoque
418 2138 631 2180 suadendi
677 2143 720 2180 et
762 2139 969 2181 monendi
1012 2142 1281 2180 momentum
1324 2152 1412 2180 non
1452 2138 1799 2192 praetermisisse
1832 2136 1879 2191 (l.
1911 2136 1940 2178 1.
1973 2139 2016 2180 αἱ

196 2211 303 2262 πρὸς
333 2211 480 2265 βελτίω
511 2209 779 2268 προτροπαί).
813 2210 980 2252 Tamen
1014 2224 1109 2251 eam
1147 2224 1239 2251 rem
1270 2210 1317 2251 in
1347 2209 1522 2251 media
1554 2202 1682 2252 Stoa
1713 2208 1851 2250 multo
1876 2207 2016 2262 pluris

196 2280 364 2322 factam
408 2294 502 2323 esse
546 2282 779 2324 verisimile
825 2285 903 2332 est,
951 2282 987 2322 si
1032 2294 1144 2334 quae
1188 2279 1394 2323 Clemens
1424 2278 1552 2322 Alex.
1587 2292 1807 2333 quamque
1839 2278 2014 2333 copiose

196 2356 368 2406 tractet,
413 2353 824 2395 animadvertimus:
869 2353 1003 2394 Paed.
1036 2353 1060 2394 I
1090 2354 1126 2404 1,
1174 2354 1200 2394 2
1227 2353 1431 2407 ἠθοποιία
1452 2384 1460 2392 .
1482 2385 1520 2392 ..
1554 2355 1638 2392 τῶν
1679 2351 2015 2406 πεπλανημένων

195 2426 401 2478 πρότερον
441 2431 523 2471 τοῖς
561 2428 732 2478 ’ὕστερον
770 2425 1001 2471 ἐπιδεικνὺς
1037 2425 1108 2470 τὰς
1153 2424 1333 2475 εἶκόνας;
1373 2423 1498 2464 cuius
1538 2425 1688 2476 partes
1731 2425 1834 2463 sunt
1862 2438 2013 2475 παραι-

196 2497 351 2542 νετικός
384 2496 462 2549 (εἷς
499 2498 715 2552 ὑπακοήν)
749 2500 793 2538 et
834 2498 879 2539 τὸ
910 2499 954 2539 ἐν
991 2497 1153 2542 εἰκόνος
1191 2497 1308 2549 μέρει
1342 2495 1781 2549 παραλαμβανόμενον
1813 2493 1910 2547 (aut
1947 2495 2013 2536 ἵνα

197 2568 432 2620 μιμώμεθα
479 2571 555 2608 aut
597 2569 718 2614 ὅπως
757 2568 1101 2622 ἕκτρεπώμεθα);
1147 2566 1171 2607 Ι
1205 2567 1273 2618 10,
1318 2567 1374 2608 90
1418 2570 1489 2620 τῆς
1533 2565 1578 2608 δὲ
1616 2564 1872 2619 συμβουλίας
1903 2565 2013 2619 μέρη

196 2640 308 2690 τρία.·
337 2638 400 2694 (1)
432 2641 480 2680 ἐκ
512 2644 596 2681 τῶν
639 2640 995 2694 παρεληλυθότων
1032 2639 1203 2694 χρόνων
1235 2639 1452 2693 λαμβάνον
1483 2638 1532 2678 τὰ
1562 2637 1889 2690 παραδείγματα,
1922 2635 2014 2676 οἷον

196 2711 233 2750 τί
262 2711 426 2751 ἔπαθον
454 2727 490 2751 κ.
517 2727 547 2752 τ.
575 2711 622 2760 λ.,
648 2711 712 2764 (2)
738 2713 787 2753 ἐκ
811 2715 895 2752 τῶν
921 2711 1144 2763 παρόντων
1169 2710 1339 2764 χρόνων
1360 2741 1368 2749 .
1389 2740 1413 2756 .,
1444 2706 1509 2764 (3)
1535 2708 1583 2748 ἐκ
1610 2710 1692 2748 τῶν
1717 2706 1952 2760 μελλόντων
1973 2738 1981 2747 .
2002 2738 2011 2747 .

196 2780 234 2833 ᾧ
265 2782 312 2822 τὰ
355 2783 656 2837 ἀποβησόμενα
701 2783 857 2824 κελεύει
888 2782 1189 2836 φυλάττεσθαι,·
1235 2783 1330 2821 toto
1372 2779 1516 2832 capite
1550 2779 1587 2819 8.
1619 2776 1915 2831 exemplorum
1947 2776 2014 2818 vis

196 2855 424 2894 tractatur.
468 2851 621 2907 Atque
665 2852 735 2894 hic
779 2852 913 2906 paulo
959 2852 1210 2894 accuratius
1255 2851 1308 2892 de
1354 2863 1407 2892 ea
1449 2862 1496 2890 re
1542 2848 1760 2901 agendum
1804 2851 1889 2889 est:
1921 2859 2012 2888 non
2071 2894 2073 2896 q

198 2923 311 2963 enim
355 2923 484 2964 modo
529 2924 575 2965 in
620 2924 849 2966 educando
896 2923 1137 2965 admonitio
1181 2926 1225 2964 et
1267 2923 1505 2975 praecepta
1547 2917 1707 2970 valent,
1754 2917 1831 2960 sed
1871 2917 2011 2959 omnis

196 3007 364 3035 morum
411 2995 700 3036 institutionis
744 2995 923 3049 eiusque
967 2993 1147 3036 moralis
1189 2991 1494 3047 philosophiae
1538 2990 1679 3045 partis
1730 2992 1844 3040 sunt,
1896 3001 2010 3042 quae

197 3067 477 3118 praeceptiva
503 3067 807 3122 (παραινετική)
832 3066 981 3108 vocari
1009 3063 1189 3107 solebat.
1218 3063 1287 3106 De
1313 3063 1397 3105 hac
1423 3065 1549 3117 parte
1577 3073 1843 3115 quamquam
1869 3058 2010 3102 Stoici

196 3149 346 3177 omnes
371 3136 460 3178 fere
489 3136 815 3190 conspirabant,
835 3140 984 3178 tamen
1011 3135 1302 3178 differentiam
1329 3132 1449 3188 apud
1474 3146 1549 3175 eos
1574 3131 1792 3174 exstitisse
1818 3132 2008 3172 constat:
