2138 3438
927 101 1220 143 ...29—

166 259 225 290 τις
259 243 460 298 βούληται
490 243 808 298 ἐνσημήνασθαι
838 244 1015 297 ἑκάστῳ,
1052 241 1158 284 ibid.
1192 243 1277 284 378
1298 242 1338 284 Ε
1370 244 1394 284 ὃ
1425 245 1478 284 ἂν
1508 244 1747 298 τηλικοῦτος
1778 245 1841 286 ὢν
1872 245 1979 299 λάβῃ

168 314 214 356 ἕν
250 319 336 361 ταῖς
378 314 534 364 δόξαις,
577 315 823 357 δυσέκνιπτα
861 315 932 356 καὶ
974 315 1229 370 ἀμετάστατα
1273 315 1385 367 φιλεῖ
1423 315 1644 369 γίγνεσθαι,
1688 314 1796 370 Leg.
1835 316 1917 357 671
1941 315 1981 356 Β

169 383 234 440 (in
264 382 474 440 bibendo)
511 385 584 431 τὰς
615 385 756 440 ψυχὰς
786 386 1127 439 μαλθακωτέρας
1158 385 1370 439 γίγνεσθαι
1401 386 1472 426 καὶ
1502 387 1722 439 νεωτέρας,
1753 387 1861 429 ὥστε
1885 388 1981 429 εὐα-

169 456 338 510 γώγους
371 457 614 510 συμβαίνειν
647 460 712 510 τῷ
732 486 742 496 .
762 488 771 497 .
809 457 1070 511 ἐπισταμένῳ
1106 456 1318 498 παιδεύειν
1354 472 1395 498 τε
1439 457 1508 498 καὶ
1550 457 1745 507 πλάττειν,
1785 459 1982 512 καθάπερ

168 527 232 569 ὅτ’
264 526 372 581 ἦσαν
402 528 500 579 νέοι,
537 525 644 568 ibid.
674 526 757 568 681
779 525 819 567 Β
845 528 1046 574 ἑκάστους
1070 527 1143 573 τὰς
1167 528 1326 569 ἑαυτῶν
1350 529 1403 569 ἂν
1427 528 1603 581 αἱρέσεις
1628 529 1685 574 εἷς
1708 529 1804 574 τοὺς
1827 531 1982 576 παῖδας

168 598 556 651 ἀποτυπουμένους.
601 597 727 652 91130
759 597 796 638 si
828 610 927 639 cum
957 597 1090 639 huius
1123 597 1349 652 scriptoris
1381 598 1650 651 argumentis
1683 597 1980 651 conferuntur,

168 667 303 710 verba
327 667 395 710 vel
415 668 570 710 eadem
589 667 657 710 vel
679 667 925 710 consimilia
944 682 1039 710 esse
1059 672 1261 723 apparet:
1290 670 1451 716 ἁπαλὸς
1469 669 1703 723 utrimque,
1723 672 1906 713 πλάττειν
1926 696 1982 701 —

169 741 407 789 εὔπλαστος,
444 740 631 782 ἐνδύεται
672 741 804 787 τύπος
847 743 891 781 et
929 742 1305 794 ἀποτυπουμένους
1344 765 1400 770 --
1444 742 1807 784 ἐναποτυποῦνται.
1857 741 1982 783 Haec

170 825 270 852 vero
308 810 528 852 sententia
565 824 721 865 nempe
759 815 855 853 tota
900 824 923 852 e
961 810 1150 853 Platone
1190 811 1429 853 derivanda
1468 815 1550 853 est:
1595 813 1621 853 3
1643 812 1682 853 E
1720 815 1865 867 ὥσπερ
1903 814 1982 868 γὰρ

170 883 217 923 τὰ
248 883 353 938 μέλη
384 887 458 925 τοῦ
488 884 687 937 σώματος
717 883 846 929 εὐθὺς
878 884 964 925 ἀπὸ
995 885 1198 937 γενέσεως
1234 885 1420 925 πλάττειν
1450 888 1535 926 τῶν
1565 885 1725 926 τέκνων
1756 885 1984 939 ἀναγκαῖόν

170 954 287 1004 ἔστιν,
319 956 386 996 ἵνα
416 957 543 996 ταῦτα
573 954 687 1007 ὀρθὰ
719 955 789 996 καὶ
819 955 1007 1009 ἀστραβῆ
1039 954 1207 1009 φύηται,
1232 955 1303 996 τὸν
1327 955 1454 997 αὐτὸν
1483 955 1641 1008 τρόπον
1682 956 1727 1003 ἓξ
1765 956 1900 1010 ἀρχῆς
1934 957 1983 997 τὰ

169 1030 254 1067 τῶν
277 1027 437 1068 τέκνων
461 1027 550 1081 ἢθη
576 1027 797 1080 ῥυθμίζειν
821 1027 1024 1080 προσήκει
1056 1024 1154 1067 coll.
1179 1024 1382 1067 Platonis
1413 1025 1520 1079 Leg.
1551 1027 1634 1068 789
1660 1028 1894 1082 φράζωμεν
1915 1061 1922 1068 .
1946 1061 1953 1068 .
1974 1059 1983 1067 .

169 1097 214 1138 τὸ
246 1097 470 1151 γενόμενον
501 1097 548 1139 δὲ
577 1098 764 1140 πλάττειν
794 1114 835 1139 τε
866 1098 956 1140 οἷον
988 1098 1174 1152 κηρινόν,
1206 1098 1289 1143 ἕως
1320 1098 1464 1152 ὑγρόν,
1491 1096 1587 1139 Pol.
1619 1098 1703 1140 377
1727 1097 1762 1140 O
1787 1100 1984 1153 πείσομεν

170 1168 242 1214 τὰς
271 1169 460 1223 τροφούς
489 1184 530 1209 τε
561 1169 631 1210 καὶ
661 1168 734 1214 τὰς
764 1170 948 1223 μητέρας
967 1201 975 1209 .
996 1200 1005 1209 .
1036 1168 1220 1210 πλάττειν
1250 1169 1321 1214 τὰς
1350 1169 1491 1222 ψυχὰς
1520 1169 1660 1210 αὐτῶν
1691 1169 1798 1212 πολὺ
1823 1170 1984 1223 μᾶλλον

170 1242 195 1294 ἢ
220 1240 268 1282 τὰ
291 1240 468 1293 σώματα
492 1237 578 1285 ταῖς
601 1241 753 1294 χερσίν.
777 1238 999 1283 Vocabuli
1024 1240 1244 1294 ῥυθμίζειν
1268 1253 1373 1280 usus
1415 1238 1663 1281 illustratur
1694 1253 1747 1281 ex
1791 1239 1982 1282 Phaedr.

172 1311 257 1352 253
278 1309 317 1350 Β
347 1311 397 1352 τὰ
427 1310 599 1352 παιδικὰ
629 1312 845 1357 πείθοντες
870 1311 940 1352 καὶ
965 1311 1239 1364 ρυθμίζοντες
1264 1313 1308 1351 et
1332 1310 1569 1364 respondet
1600 1324 1652 1352 ea
1677 1325 1758 1353 vox
1783 1310 1984 1353 Platonis

169 1380 331 1433 virtuti,
357 1394 469 1435 quae
489 1382 697 1436 εὐρυθμία
723 1385 800 1423 est.
825 1380 1030 1423 Eandem
1050 1379 1252 1423 Platonis
1279 1381 1570 1424 imitationem
1596 1395 1837 1436 cognoscas
1864 1382 1983 1436 apud

168 1451 393 1494 Plutarch.
414 1446 473 1494 Εἰ
501 1454 656 1495 διδακτ.
689 1455 714 1508 ἡ
749 1454 872 1507 ἀρετή
899 1453 985 1495 439
1006 1452 1044 1493 F
1077 1457 1248 1507 πρῶτον
1279 1454 1358 1507 γὰρ
1390 1452 1507 1495 οὗτοι
1531 1452 1610 1509 (sc,
1638 1455 1678 1495 οῖ
1701 1454 1986 1509 παιδαγωγοί)

169 1519 452 1579 λαμβάνοντες
470 1524 518 1565 ἐκ
537 1525 757 1578 γάλακτος,
772 1526 918 1578 ὥσπερ
938 1526 981 1566 αἱ
999 1525 1131 1567 τίτθαι
1148 1530 1234 1571 ταῖς
1253 1525 1367 1579 χερσὶ
1385 1525 1431 1567 τὸ
1449 1529 1576 1578 σῶμα
1595 1525 1851 1577 πλάττουσιν,
1870 1527 1983 1567 οὕτω

168 1596 214 1637 τὸ
244 1594 354 1649 ἦθος
384 1595 635 1648 ῥυθμίζουσι
665 1600 748 1642 τοῖς
778 1596 929 1638 ἔθεσιν.
973 1593 1260 1649 Comparatio
1294 1609 1424 1649 porro
1457 1595 1593 1637 animi
1625 1600 1669 1637 et
1700 1609 1828 1637 cerae
1861 1595 1982 1649 apud

169 1665 402 1708 Platonem
421 1679 511 1707 non
530 1679 632 1707 rara
652 1669 735 1708 est:
758 1666 940 1708 Theaet.
967 1667 1046 1709 191
1075 1666 1111 1708 G
1133 1667 1411 1722 saepiusque,
1433 1668 1540 1722 Leg.
1576 1668 1660 1709 633
1681 1668 1738 1719 D,
1763 1669 1859 1718 789,
1879 1668 1983 1710 item

170 1738 348 1795 σφραγίς
361 1736 542 1778 Theaet.
566 1738 650 1779 192
664 1735 721 1779 A.
736 1736 861 1792 Quae
888 1737 1078 1791 denique
1093 1738 1147 1780 de
1160 1737 1328 1780 fabulis
1341 1738 1575 1780 narrandis
1596 1739 1785 1793 scriptor
1803 1738 1982 1793 profert,

171 1821 224 1850 ea
244 1821 266 1850 e
286 1807 486 1849 Platonis
518 1808 737 1850 sententia
762 1822 856 1850 esse
889 1809 982 1862 ipse
1008 1807 1243 1851 confitetur
1273 1809 1389 1865 (Pol.
1418 1811 1501 1852 377
1524 1810 1564 1852 Β
1592 1809 1689 1867 sq.)
1717 1808 1864 1864 Quare
1890 1810 1983 1852 Ps.-

169 1878 458 1921 Plutarchum
488 1877 556 1920 vel
581 1878 675 1920 eius
701 1878 866 1921 fontem
892 1879 937 1921 in
963 1893 1016 1921 ea
1041 1893 1087 1922 re
1114 1895 1211 1922 cum
1237 1880 1425 1923 Platone
1451 1880 1582 1935 plane
1610 1881 1854 1923 consentire
1883 1895 1982 1923 con-

172 1943 291 1991 cludi
322 1953 477 2003 potest.
508 1948 646 1991 Cuius
670 1949 718 1991 in
741 1950 954 1992 Politeias
983 1950 1108 1993 libris
1141 1965 1291 1993 curam
1321 1952 1555 2004 nutricum,
1587 1956 1788 2004 matrum,
1819 1966 1983 2003 corum,

172 2020 431 2074 quibuscum
450 2019 641 2062 infantes
660 2025 774 2072 sunt,
795 2021 1031 2064 maximam
1051 2036 1146 2064 esse
1167 2022 1368 2065 omnibus
1387 2027 1540 2066 notum
1559 2027 1638 2065 est.
1654 2022 1811 2077 Neque
1827 2023 1983 2065 deinde

173 2090 226 2133 ab
266 2090 365 2132 aliis
404 2091 690 2145 scriptoribus
721 2105 775 2134 ea
809 2106 879 2134 res
917 2092 1244 2148 neglegebatur.
1295 2093 1559 2137 Aristoteles
1596 2107 1736 2149 aeque
1769 2108 1821 2136 ac
1853 2093 1983 2136 Plato

172 2176 384 2204 summam
403 2162 504 2205 inde
524 2176 552 2204 3
570 2163 714 2217 prima
734 2167 880 2206 aetate
898 2178 1051 2207 curam
1072 2164 1369 2207 adhibendam
1389 2179 1483 2207 esse
1504 2165 1686 2218 censuit,
1707 2165 1757 2207 cf.
1778 2165 1874 2207 Pol.
1891 2165 1984 2209 VII

174 2234 288 2276 1336
309 2247 336 2275 3
368 2234 422 2275 10
453 2235 561 2288 πρὸς
594 2235 640 2277 τὸ
670 2236 730 2291 μὴ
763 2236 1088 2290 διαστρέφεσθαι
1118 2237 1167 2278 τὰ
1197 2239 1302 2291 μέλη
1337 2238 1388 2279 δι’
1424 2237 1660 2291 ἁπαλότητα
1681 2270 1690 2278 .
1711 2268 1748 2278 ..
1781 2238 1825 2279 τὸ
1857 2241 1983 2292 σῶμα

170 2310 282 2348 ποιεῖ
313 2309 399 2347 τῶν
434 2306 638 2348 τοιούτων
675 2308 892 2362 ἀστραβές,
931 2306 987 2357 ib,
1020 2309 1076 2349 30
1113 2309 1184 2350 καὶ
1223 2310 1318 2362 περὶ
1357 2309 1496 2363 λόγων
1534 2308 1580 2349 δὲ
1616 2309 1687 2349 καὶ
1726 2309 1884 2362 μύθων
1909 2341 1918 2349 .
1945 2340 1954 2348 .
1975 2341 1983 2349 .

171 2376 356 2431 ἐπιμελὲς
393 2377 499 2419 ἔστω
535 2381 621 2423 τοῖς
650 2379 854 2432 ἄρχουσιν
883 2395 924 2420 κ.
955 2395 986 2420 τ.
1019 2379 1066 2430 L,
1101 2377 1158 2420 ib.
1192 2380 1247 2420 39
1280 2392 1409 2420 usum
1439 2377 1654 2420 malorum
1686 2378 1909 2421 hominum
1942 2383 1986 2421 et

171 2459 392 2488 servorum
417 2446 709 2501 reprehendit,
734 2447 793 2489 ib.
818 2447 846 2489 b
869 2450 894 2490 6
922 2481 931 2490 .
951 2481 960 2490 .
981 2480 991 2490 .
1010 2451 1130 2496 ὅπως
1155 2451 1258 2505 μήτε
1284 2451 1434 2504 λέγωσι
1457 2448 1519 2506 (οἱ
1543 2450 1646 2503 νέοι)
1671 2452 1776 2505 μήτε
1794 2451 1985 2493 ἀκούωσι

171 2518 306 2574 μηδὲν
333 2518 574 2573 τοιοῦτονῑ).
614 2517 763 2573 Atque
801 2518 915 2561 tales
946 2533 1017 2562 res
1049 2520 1142 2561 sine
1175 2519 1309 2562 dubio
1342 2545 1398 2550 ——
1431 2524 1481 2562 ut
1511 2519 1667 2562 iterum
1701 2520 1818 2574 quod
1852 2534 1984 2575 supra

173 2587 390 2639 contendi,
429 2588 571 2631 dicam
609 2614 665 2620 -
705 2590 911 2640 omnium,
949 2591 1025 2644 qui
1062 2604 1204 2633 mores
1242 2594 1446 2642 tractant,
1483 2590 1570 2632 loci
1603 2605 1852 2633 communes
1884 2596 1988 2633 sunt

173 2663 218 2700 et
265 2659 311 2700 in
351 2658 608 2714 vulgaribus
645 2665 690 2703 et
732 2661 778 2703 in
821 2660 1184 2715 philosophorum
1227 2662 1476 2716 praeceptis
1519 2666 1761 2705 versantur.
1804 2662 1984 2705 Addere

171 2729 306 2771 liceat
341 2729 587 2785 complures
623 2731 757 2774 locos.
795 2732 1111 2774 Ps.-Isocrates
1148 2733 1256 2788 πρὸς
1294 2733 1451 2788 Δημόν.
1485 2735 1510 2776 9
1543 2747 1675 2787 quam
1707 2733 1983 2788 praeclarum

172 2800 417 2843 Demonico
453 2801 627 2844 virtutis
651 2802 873 2858 exemplar
909 2807 1037 2858 pater
1074 2804 1143 2857 sit,
1176 2804 1365 2858 exponit,
1403 2805 1496 2859 (ll)
1527 2805 1634 2858 πρὸς
1666 2807 1714 2846 ὃν
1747 2806 1812 2847 δεῖ
1839 2807 1914 2860 ζῆν
1944 2807 1981 2847 σ’

174 2872 317 2926 ὥσπερ
353 2873 461 2926 πρὸς
496 2875 774 2929 παράδειγμα,
814 2873 918 2916 ibid.
957 2874 1012 2916 45
1052 2887 1126 2916 eos
1164 2875 1328 2917 amicos
1359 2875 1630 2917 Demonicus
1669 2879 1865 2928 quaerat,
1909 2875 1985 2929 qui

172 2955 315 2983 mores
347 2943 569 2997 corrigant
598 2943 888 2999 melioresque
919 2944 1107 2998 faciant3
1139 2945 1219 2987 Dii
1249 2945 1515 3000 Pythagorei
1552 2945 1685 2987 verba
1717 2945 1857 2999 (Stob.
1889 2945 1982 2988 Ecl.

319 3034 346 3078 1)
378 3035 433 3070 Dc
463 3036 499 3070 vi
530 3039 569 3071 et
593 3036 683 3072 boni
708 3039 745 3072 et
771 3038 862 3072 mali
888 3039 1048 3083 exempli
1075 3038 1287 3083 Xenophon
1313 3051 1459 3084 quoque
1484 3039 1633 3084 copiose
1659 3040 1749 3084 egit,
1775 3039 1822 3074 cf.
1849 3040 1983 3084 Cyrup.

174 3092 195 3127 I
220 3094 254 3137 2,
277 3093 311 3138 8,
337 3093 415 3129 VII
439 3095 473 3139 5,
498 3095 557 3139 85,
582 3094 697 3132 Mem.
723 3097 742 3131 I
767 3098 800 3141 2,
826 3097 872 3133 20
897 3100 935 3132 et
960 3097 1139 3133 Ps.-P1ut.
1171 3098 1273 3133 locos
1299 3099 1438 3133 similes
1467 3098 1510 3133 14
1524 3098 1567 3142 B,
1596 3099 1639 3133 12
1654 3098 1697 3141 D,
1726 3099 1769 3134 13
1783 3098 1824 3134 F.
