2138 3438
905 138 1197 180 —53—

289 279 378 324 Sed
432 277 762 322 Ps.-Plutarchi
812 280 1031 322 sententia
1086 277 1368 333 philosophia
1422 278 1562 320 maius
1611 279 1745 320 etiam
1793 277 1958 321 bonum

145 352 396 395 hominibus
444 350 647 406 praebet:
697 353 800 406 μήτε
849 353 894 393 ἒν
935 357 1022 398 ταῖς
1064 352 1305 405 εὐπραγίαις
1328 355 1594 404 περιχαρεῖς,
1643 351 1744 404 μήτε
1785 352 1830 392 ἐν
1873 354 1959 397 ταῖς

144 429 386 480 συμφοραῖς
414 423 671 477 περιλύπους
701 424 814 472 εἶναι,
856 424 960 478 μήτε
990 423 1034 464 ἒν
1071 427 1158 468 ταῖς
1195 422 1339 476 ὀργαῖς
1366 422 1574 467 ἐκπαθεῖς
1617 423 1686 463 καὶ
1716 422 1958 476 θηριώδεις,

144 494 188 536 id
215 498 297 536 est:
323 493 561 536 affectuum
585 492 945 536 mediocritatem.
977 493 1075 535 Iam
1101 496 1338 546 antequam
1365 491 1476 533 alios
1503 505 1821 545 comparamus,
1848 491 1958 533 haec

143 564 278 607 verba
305 579 337 607 a
367 565 526 607 veteris
559 564 693 607 Stoae
726 564 871 607 animo
905 564 1050 606 aliena
1077 577 1170 606 esse
1203 562 1360 618 elucet3
1391 577 1495 604 nam
1526 566 1576 603 ut
1606 563 1958 616 praetermittam

107 661 112 666 ·
145 635 395 678 Stoicorum
441 635 628 678 affectus
672 636 907 690 primarios
950 635 1085 677 fuisse
1129 636 1368 689 ἐπιθυμίαν,
1411 635 1565 690 φόβον,
1607 635 1755 688 λύπην,
1788 635 1957 689 ἡδονήν,

144 707 303 761 quibus
347 708 479 750 ceteri
522 711 641 750 certa
687 707 859 749 ratione
892 706 1094 761 discripti
1126 704 1457 747 subiciebantur
1468 706 1513 759 ¹),
1543 703 1653 746 nihil
1690 703 1957 758 singularem

146 777 395 821 Stoicorum
439 779 484 820 in
527 793 580 821 ea
625 792 670 820 re
717 778 968 832 opinionem
1012 781 1056 819 et
1106 777 1381 819 severitatem
1424 775 1656 831 significat.
1699 774 1959 817 Affectuum

145 850 260 892 enim
302 849 652 892 mediocritatem
695 849 836 892 ubivis
881 849 994 891 alias
1037 849 1185 903 potius
1229 861 1438 902 quaerere
1469 847 1585 890 licet.
1621 847 1718 889 Iam
1749 846 1879 889 Plato
1912 847 1958 888 i'n

144 920 391 973 affectibus,
417 922 653 976 praecipue
679 921 726 963 111
752 921 926 963 laetitia
955 924 999 962 et
1021 919 1245 962 maestitia
1269 923 1438 962 rectum
1464 933 1516 961 ac
1543 918 1749 961 decorum
1779 918 1958 961 modum

145 993 254 1034 vult:
311 993 418 1047 Leg.
462 992 599 1036 7320
642 994 722 1048 χρή
750 1026 759 1034 .
786 1026 794 1034 .
839 993 942 1047 ὅλην
984 993 1249 1046 περιχάρειαν
1293 995 1432 1034 πᾶσαν
1468 991 1846 1046 ἀποκρυπτόμενον
1890 991 1959 1032 καὶ

143 1066 423 1118 περιωδυνίαν
454 1066 728 1119 εὐσχημονεῖν
758 1064 983 1117 πειρᾶσθαι
1021 1066 1064 1105 et
1103 1063 1187 1105 793
1206 1061 1251 1104 A
1291 1063 1375 1117 ἐγὼ
1399 1096 1407 1104 .
1434 1095 1444 1104 .
1482 1066 1693 1117 συγχωρῶ
1722 1062 1792 1104 τὸν
1824 1062 1959 1116 λύπης

144 1151 184 1177 τε
214 1137 285 1177 καὶ
315 1136 474 1190 ἡδονῆς
504 1136 691 1189 ἀκράτου
723 1136 816 1190 βίον
849 1135 1017 1189 φεύγειν
1049 1134 1133 1176 δεῖν
1156 1136 1324 1182 πάντας,
1351 1167 1358 1174 .
1387 1166 1394 1173 .
1423 1166 1431 1174 .
1461 1135 1592 1188 μέσον
1619 1134 1665 1175 δέ
1689 1149 1775 1175 τινα
1800 1134 1958 1186 τέμνειν

144 1208 218 1248 ἀεί.
249 1205 311 1247 Ε1
342 1210 438 1247 erat
469 1219 574 1247 sane
606 1204 831 1258 vulgatior
861 1204 965 1246 talis
991 1204 1228 1258 sapientia:
1260 1203 1590 1254 Ps.-Isocrates,
1620 1204 1742 1258 Πρὸς
1767 1203 1873 1258 Δημ.
1900 1203 1955 1245 42

144 1279 255 1320 οὕτω
288 1278 367 1331 γὰρ
405 1278 497 1320 οὔτ’
525 1279 712 1331 εὐτυχῶν
749 1279 830 1318 ἔσει
867 1277 1098 1331 περιχαρὴς
1137 1277 1231 1318 οὔτε
1267 1276 1483 1330 δυστυχῶν
1512 1276 1739 1328 περίλυπος
1764 1307 1772 1316 .
1802 1307 1810 1315 .
1840 1280 1958 1329 χαῖρε

143 1349 214 1390 καὶ
243 1349 378 1390 λυποῦ
404 1349 595 1403 μετρίως.
628 1346 797 1389 Tamen
822 1345 946 1388 illam
976 1345 1327 1388 mediocritatem
1350 1346 1424 1388 hic
1451 1360 1624 1400 quoque
1651 1345 1957 1400 philosophiae

143 1418 367 1460 vindicare
399 1418 518 1470 licet,
549 1418 1031 1472 Peripateticorum
1064 1416 1173 1459 dico.
1205 1415 1356 1471 Atque
1384 1417 1437 1458 de
1463 1417 1643 1470 reliquis
1668 1416 1798 1458 rebus
1825 1430 1958 1470 supra

145 1493 292 1537 actum
348 1494 427 1540 est,
480 1489 552 1531 hic
603 1489 656 1531 de
708 1478 938 1531 affectibus
988 1489 1187 1543 quaestio
1244 1493 1319 1531 est.
1382 1487 1646 1530 Conferatur
1700 1487 1957 1529 ArIstotelis

145 1560 246 1602 Eth.
278 1559 375 1603 Nic.
413 1562 523 1603 1104
544 1560 572 1602 b
606 1562 631 1603 8
675 1562 770 1615 περὶ
812 1562 970 1616 ἡδονὰς
1012 1561 1091 1615 γὰρ
1136 1562 1205 1602 καὶ
1248 1561 1383 1607 λύπας
1418 1561 1524 1602 ἐστὶν
1553 1562 1578 1614 ἡ
1611 1561 1741 1614 ἠθικὴ
1775 1559 1957 1614 ἀρετή2).

144 1633 210 1674 διὸ
243 1633 306 1674 δεῖ
345 1632 478 1687 ἧχθαί
515 1648 612 1681 πως
652 1632 784 1679 εὐθὺς
825 1634 873 1674 ἐκ
904 1634 1026 1681 νέων,
1057 1633 1119 1678 ὡς
1150 1633 1174 1674 ὁ
1218 1631 1401 1674 Πλάτων
1432 1634 1569 1686 φησίν,
1602 1633 1707 1673 ὥστε
1731 1633 1886 1685 χαίρειν
1917 1647 1958 1673 τε

148 1704 218 1746 καὶ
249 1704 469 1745 λυπεῖσθαι
495 1704 557 1749 οἷς
583 1704 671 1746 δεῖ.
693 1736 700 1744 .
723 1737 731 1745 .
758 1705 814 1745 ἔτι
839 1704 882 1745 δ’
907 1705 950 1744 αἱ
982 1705 1124 1757 ἀρεταί
1144 1705 1218 1745 εἰσι
1242 1704 1335 1756 περὶ
1365 1704 1536 1757 πράξεις
1561 1702 1630 1744 καὶ
1654 1703 1774 1757 πάθη
1802 1718 1839 1744 κ.
1861 1719 1891 1743 τ.
1911 1702 1957 1743 λ.;

144 1786 290 1816 11011110
322 1773 652 1815 Ps.-Plutarchi
685 1787 860 1828 quoque
891 1774 1029 1815 virtus
1055 1774 1149 1828 περὶ
1173 1775 1343 1828 πράξεις
1367 1775 1437 1815 καὶ
1460 1774 1580 1827 πάθη
1608 1776 1687 1824 est,
1715 1773 1790 1826 qui
1817 1772 1956 1815 solam

143 1845 347 1886 virtutem
389 1845 435 1887 in
486 1845 656 1899 agendo
706 1845 898 1899 positam
949 1848 993 1886 et
1037 1848 1204 1886 rectum
1254 1843 1490 1886 affectuum
1539 1843 1715 1885 modum
1766 1842 1955 1885 tractet?

142 1915 356 1958 Eiusdem
398 1915 518 1958 illius
561 1915 695 1958 verba
737 1915 839 1958 Eth.
884 1915 982 1958 Nic.
1012 1917 1166 1958 1124a
1213 1917 1265 1958 15
1309 1917 1333 1957 ὁ
1371 1916 1670 1970 μεγαλόψυχος
1701 1947 1710 1956 .
1736 1947 1745 1956 .
1777 1918 1958 1969 μετρίως

144 1988 223 2035 ἔξει
249 2020 256 2030 .
284 2020 293 2028 .
325 1989 418 2030 οὔτ’
467 1989 653 2042 εὐτυχῶν
695 1988 927 2042 περιχαρὴς
970 1990 1078 2030 ἔσται
1120 1989 1213 2029 οὔτ’
1257 1990 1422 2042 ἀτυχῶν
1463 1988 1687 2041 περίλυπος
1731 2000 1829 2027 011111
1873 1986 1956 2028 1100

144 2058 356 2112 scriptore
408 2051 709 2114 congr'uunffl).
759 2057 1141 2100 Ps.-Plutarchum
1190 2058 1236 2099 in
1286 2058 1441 2100 ceteris
1498 2071 1671 2112 quoque
1726 2056 1956 2099 affectibus

143 2129 493 2171 mediocritatem
536 2129 782 2183 significare
827 2128 955 2171 facile
998 2129 1288 2184 intellegitur:
1339 2143 1442 2171 nam
1485 2128 1700 2172 vocabula
1750 2130 1957 2179 ἐκλύτους,

144 2201 355 2248 ἐκπαθεῖς,
388 2201 618 2256 θηριώδεις
649 2200 763 2242 sicut
805 2203 1035 2256 περιχαρής
1067 2204 1110 2242 01
1139 2202 1363 2255 περίλυπος
1394 2200 1510 2242 clare
1541 2200 1698 2242 nimios
1731 2203 1774 2241 et
1804 2201 1955 2241 immo-

146 2270 320 2313 deratos
353 2270 536 2313 affectus
568 2271 777 2314 indicant.
811 2270 899 2327 Qui
931 2272 968 2313 si
999 2272 1317 2326 vituperantur,
1350 2271 1694 2314 moderationem
1721 2275 1765 2312 et
1788 2275 1956 2312 rectum

145 2355 294 2384 eorum
327 2345 491 2384 statum
523 2343 638 2397 exigi
681 2343 893 2397 sequitur.
938 2343 1265 2385 Ps.-Plutarchi
1304 2343 1439 2397 igitur
1470 2342 1602 2384 Verba
1635 2357 1733 2384 cum
1765 2343 1955 2397 genuina

145 2412 393 2456 Stoicorum
437 2413 640 2456 doctrina
683 2414 859 2456 minime
905 2414 1197 2465 consentiunt,
1245 2414 1323 2456 sed
1371 2413 1715 2468 Peripateticum
1767 2413 1955 2455 colorem

145 2484 350 2536 clamant,
383 2489 433 2527 ut
463 2485 528 2527 ita
559 2485 714 2527 dicam.
758 2485 914 2540 Neque
946 2485 1104 2528 deinde
1137 2485 1435 2528 antecedentis
1467 2485 1606 2539 partis
1639 2489 1957 2539 argumentum,

144 2556 220 2598 ubi
253 2556 398 2599 officia
441 2562 716 2610 enarrantur,
762 2572 788 2600 a
819 2558 1214 2612 Peripateticorum
1258 2556 1599 2611 cogitationibus
1637 2556 1830 2598 alienum
1862 2571 1955 2598 esse

146 2626 439 2681 Theophrasti
482 2629 624 2671 verbis
668 2628 892 2683 probatur,
939 2643 1050 2683 quae
1100 2628 1238 2670 tradit
1287 2628 1502 2671 Stobaeus
1544 2627 1614 2684 (fr.
1656 2630 1739 2670 152
1784 2627 1954 2682 Wim.):

145 2699 225 2752 χρὴ
258 2701 393 2741 τοίνυν
423 2700 493 2741 τὸν
522 2701 723 2754 μέλλοντα
757 2701 1142 2755 θαυμασθήσεσθαι
1172 2701 1266 2753 περὶ
1297 2701 1342 2741 τὸ
1373 2701 1490 2742 θεῖον
1521 2700 1753 2754 φιλοθύτην
1783 2702 1883 2742 εἶναι
1911 2733 1919 2742 .
1945 2731 1954 2741 .

146 2771 282 2811 ἔπειτα
332 2775 464 2823 γονεῖς
508 2776 782 2826 γηροτροφεῖν
833 2772 976 2834 παλῶς
996 2804 1003 2812 .
1026 2804 1034 2812 .
1081 2772 1149 2812 καὶ
1192 2772 1278 2825 μὴν
1322 2772 1390 2812 καὶ
1439 2771 1634 2824 γυναικὸς
1675 2772 1745 2812 καὶ
1787 2772 1955 2813 παίδων

288 2897 315 2940 ²)
342 2897 399 2931 Cf.
425 2909 460 2932 v.
486 2898 632 2942 Arnim,
658 2898 745 2934 Vet.
771 2898 887 2934 Stoic.
914 2899 1047 2945 fragm.
1073 2898 1139 2934 [ΙΙ
1164 2898 1211 2934 fr.
1237 2900 1385 2943 394sq.

231 2979 234 2981 Δ
289 2956 317 3003 ²)
342 2955 399 2992 Cf.
413 2955 519 2992 Stob.
532 2957 614 2991 Ecl.
633 2956 674 2991 Π
693 2970 729 3003 p.
744 2958 823 3001 138,
843 2959 886 2993 21
903 2958 964 2993 W.
978 2959 1232 3005 ἀφορίζεσθαι
1249 2958 1320 3004 τὴν
1338 2958 1480 3005 ἀρετὴν
1496 2985 1503 2992 .
1519 2985 1526 2992 .
1546 2959 1608 2994 καὶ
1621 2957 1743 3004 ἡδονῇ
1756 2960 1818 2994 καὶ
1838 2960 1953 3005 λύπῃ.

288 3015 318 3060 ³)
342 3014 486 3050 Eadem
524 3017 720 3060 sententia,
757 3016 915 3052 fortasse
948 3029 993 3051 ex
1025 3017 1192 3062 Pet-ipati
1224 3018 1448 3062 imitatione,
1485 3020 1542 3052 est
1572 3017 1784 3063 Iamblichi‚
1823 3030 1879 3063 ep.
1907 3019 1953 3053 ad

146 3074 306 3119 Sopatr.,
331 3073 436 3108 Stob.
461 3073 543 3111 Ecl.
569 3073 611 3109 ΙΙ
637 3087 671 3120 p.
698 3075 779 3119 234,
808 3076 851 3110 14
864 3075 930 3110 W:
973 3077 1205 3122 συμφωνίαν
1228 3075 1376 3123 ἡδονῆς
1400 3078 1462 3112 καὶ
1487 3078 1617 3123 λύπης
1639 3077 1744 3123 πρὸς
1779 3079 1827 3113 τὰ
1851 3079 1953 3114 καλὰ

146 3135 233 3177 <nal
259 3134 424 3180 αἰσχρὰ>
448 3134 549 3180 ἔργα
574 3135 875 3181 παρασκευάζει.
