2138 3438
938 126 1232 167 -8-ἡ

175 265 485 307 educationem
533 265 706 308 vivendi
755 280 907 321 genus,
958 267 1152 320 virtutes,
1201 280 1270 309 res
1320 271 1466 322 gestas
1507 272 1724 312 tractatas
1767 284 1862 312 esse
1904 283 1995 313 non

175 336 319 378 minus
354 340 542 379 constat.

318 406 443 462 Quae
465 408 518 450 de
539 408 771 451 virtutibus
785 423 889 463 pars
903 413 1021 451 recte
1041 422 1139 450 cum
1157 407 1368 451 librorum
1389 409 1443 452 de
1457 410 1718 454 educatione
1733 411 1994 466 scriptorum
2035 422 2044 430 “·

175 492 228 520 ca
259 483 386 532 parte
419 480 665 534 comparari
698 483 856 534 potest,
903 494 1002 534 qua,
1037 480 1246 534 quoniam
1283 470 1452 523 animus
1484 482 1748 525 excolendus
1777 487 1822 525 et
1851 497 1996 526 mores

174 549 400 592 formandi
438 554 553 599 sunt,
591 551 777 593 virtutes
817 554 1130 593 enumerantur
1167 555 1211 593 et
1248 551 1533 606 explicantur.
1570 553 1771 596 Eandem
1810 558 1994 608 partem,

177 621 296 675 quod
327 621 462 664 habet
492 626 764 664 momentum
796 636 886 664 non
920 622 1061 665 solum
1092 622 1138 664 in
1169 637 1417 677 puerorum,
1453 624 1531 666 sed
1562 626 1752 667 omnium
1785 625 1993 678 moribus,

173 691 304 735 facile
350 693 448 747 plus
501 707 641 748 aequo
694 693 954 747 amplificari
999 697 1131 748 atque
1177 708 1285 749 opus
1324 694 1516 737 solutum
1551 695 1696 750 ipsum
1731 696 1828 739 fieri
1863 710 1992 751 posse

174 763 487 818 intellegimus:
521 764 762 806 consimilis
782 764 831 806 fit
851 765 987 807 cuivis
1013 765 1282 819 tractationi,
1308 779 1420 820 quae
1446 769 1512 808 est
1537 766 1590 809 de
1616 766 1822 811 moribus.
1846 767 1994 810 Huius

173 834 386 877 librorum
425 836 609 890 generis,
648 835 806 890 quibus
846 835 899 878 de
938 850 1171 890 puerorum
1213 836 1477 879 educatione
1514 837 1583 880 vel
1619 838 1767 892 potius
1797 837 1994 881 moribus

175 907 334 961 agitur,
365 906 607 962 exemplum
642 907 855 949 habemus
887 907 1288 950 Ps.—Isocratis
1319 908 1632 963 Protrepticon
1662 910 1784 965 Πρὸς
1813 910 1992 966 Δημόνι-

173 978 316 1030 κον1);
343 979 532 1032 scriptor
557 980 673 1020 enim
698 978 744 1020 id
771 979 876 1033 agit,
903 983 952 1020 ut
979 979 1109 1021 amici
1133 979 1270 1021 filium
1297 979 1355 1022 ad
1380 980 1575 1022 studium
1593 981 1763 1024 virtutis
1781 980 1995 1036 impellat,

173 1050 404 1104 variasque
441 1051 626 1092 virtutes
664 1051 758 1092 sine
796 1050 886 1092 ullo
926 1050 1080 1093 ordine
1118 1050 1301 1105 profert.
1338 1051 1478 1096 Varia
1508 1056 1758 1107 praecepta,
1789 1066 1902 1107 quae
1934 1052 1993 1095 ad

172 1121 348 1163 vivendi
374 1122 657 1165 condiciones
683 1126 725 1165 et
752 1122 810 1164 ad
837 1121 1032 1177 singulas
1052 1122 1233 1165 virtutes
1253 1123 1457 1174 attinent,
1485 1127 1763 1175 enarrantur,
1790 1123 1994 1167 omnibus

172 1192 289 1234 idem
324 1193 562 1248 appetitur,
592 1197 640 1235 ut
672 1195 844 1236 animus
876 1194 933 1236 ad
965 1194 1178 1248 optimum
1209 1194 1383 1236 vivendi
1414 1209 1551 1250 genus
1582 1194 1849 1250 impellatur.

317 1264 487 1319 Quibus
518 1265 649 1307 rebus
681 1265 894 1319 expositis
926 1265 982 1308 ad
1003 1265 1332 1308 Ps.-Plutarchi
1355 1266 1555 1308 libellum
1587 1266 1832 1311 redeamus,
1862 1266 1993 1309 Nunc

175 1339 393 1389 quatenus
433 1337 619 1391 scriptor
664 1341 859 1379 certam
902 1336 1048 1379 illam
1088 1351 1258 1379 rerum
1297 1337 1740 1392 dispositionem1)
1786 1337 1991 1380 observet

173 1408 472 1462 quaerendum
498 1412 578 1462 est,
607 1422 740 1462 quam
765 1409 923 1451 iterum
950 1408 1182 1462 complecti
1208 1409 1356 1451 liceat:
1394 1410 1429 1452 1.
1463 1411 1627 1465 γένεσις,
1658 1409 1686 1451 i.
1710 1423 1744 1452 e.
1770 1413 1992 1464 parentem,

173 1479 445 1532 concubitus,
478 1494 584 1522 cura
616 1483 718 1523 ante
751 1484 924 1534 partum
951 1479 1215 1534 adhibenda,
1248 1481 1286 1524 2.
1311 1483 1448 1536 τροφή
1482 1495 1520 1523 a.
1549 1481 1744 1535 corporis
1770 1480 1992 1532 formatio,

172 1551 366 1605 nutritio,
398 1551 437 1593 b.
465 1552 599 1594 animi
627 1551 770 1594 cultus
795 1552 822 1594 i.
850 1565 885 1594 e.
916 1551 1179 1594 facultatum
1203 1552 1532 1611 irrationalium
1557 1556 1680 1594 recta
1705 1551 1994 1603 consuetudo,

174 1625 212 1665 3.
242 1623 463 1666 institutio
501 1623 570 1666 vel
609 1623 827 1677 educatio,
871 1638 907 1666 a.
941 1625 1137 1679 corporis
1170 1624 1441 1676 exercitatio,
1485 1624 1524 1666 b.
1563 1624 1748 1666 rationis
1787 1622 1995 1675 eruditio,

170 1697 358 1745 litterae,
390 1696 613 1748 scientiae,
647 1698 685 1738 4.
711 1695 894 1737 virtutes
920 1696 1068 1737 variae
1096 1699 1140 1737 et
1165 1709 1336 1737 morum
1361 1694 1588 1750 perfectio.
1622 1693 1766 1749 Quam
1791 1694 1992 1737 ultimam

173 1773 344 1823 partem
375 1781 466 1810 non
497 1771 590 1809 tam
615 1767 702 1809 loci
734 1767 888 1809 ordine
916 1770 1134 1820 quartam,
1168 1782 1300 1821 quam
1327 1767 1594 1820 cogitatione
1620 1766 1871 1809 distinctam
1896 1780 1992 1808 esse

174 1843 517 1883 consentaneum
538 1842 620 1882 est:
653 1853 756 1880 nam
777 1839 934 1880 ceteris
957 1839 1092 1881 etiam
1110 1839 1349 1881 immisceri
1367 1843 1524 1893 potest.
1546 1837 1748 1893 Scriptor
1766 1838 1993 1881 exordium

174 1913 293 1967 capit
330 1911 384 1953 de
422 1910 724 1966 generatione:
771 1915 1004 1964 parentum
1037 1910 1318 1953 condiciones
1351 1911 1634 1953 continentur
1664 1914 1900 1965 praecepto
1935 1909 1990 1952 de

171 1997 307 2026 uxore
339 1983 386 2024 in
418 1982 745 2024 matrimonium
778 1981 982 2023 ducenda
1009 1982 1112 2024 dato
1147 1982 1187 2038 (1
1224 1981 1407 2037 A—D),
1440 1982 1698 2024 concubitus
1725 1981 1872 2036 qualis
1897 1994 1992 2024 esse

174 2054 346 2106 debeat,
378 2052 652 2108 praecipitur
674 2054 695 2094 1
719 2052 850 2094 D—2
874 2052 930 2094 A.
964 2053 1138 2095 Deinde
1163 2057 1213 2095 ut
1237 2054 1331 2107 περὶ
1356 2055 1527 2109 ἀγωγῆς
1553 2053 1755 2105 disserat,
1785 2053 1869 2095 sibi
1893 2066 1992 2108 pro-

173 2126 298 2180 ponit
317 2125 360 2181 (2
383 2124 461 2179 A):
502 2124 700 2179 sequitur
732 2127 877 2178 caput,
911 2139 997 2178 quo
1031 2125 1095 2167 vis
1123 2124 1409 2177 educationiS,
1441 2124 1785 2177 consuetudinis,
1814 2123 1995 2177 laboris,

174 2211 304 2239 curae
343 2198 387 2250 (2
410 2195 452 2237 D
484 2198 542 2238 in.
579 2197 714 2238 πόνου
746 2197 816 2238 καὶ
847 2197 1095 2251 ἐπιμελείας)
1135 2196 1381 2251 exponitur.
1427 2195 1558 2250 Quod
1603 2199 1909 2254 argumentum
1953 2194 1994 2238 ei

173 2269 304 2323 parti,
349 2282 462 2322 quae
500 2267 687 2322 primam
726 2267 863 2309 animi
902 2282 953 2309 ac
985 2282 1155 2310 morum
1186 2267 1496 2309 formationem
1529 2268 1739 2319 continet,
1785 2267 1994 2321 praemit-

171 2340 356 2382 tendum
387 2353 482 2382 esse
513 2338 664 2392 liquet,
697 2339 802 2393 quia
827 2338 944 2381 idem
970 2339 1063 2381 fere
1089 2339 1161 2381 hic
1181 2338 1491 2394 comprobatur
1509 2338 1628 2392 quod
1646 2339 1672 2379 3
1692 2338 1732 2380 Ε
1764 2340 1993 2381 εὔπλαστον

173 2414 252 2468 γὰρ
285 2413 355 2454 καὶ
386 2411 515 2467 ὑγρὸν
547 2413 572 2463 ἡ
601 2411 743 2466 νεότης
764 2443 773 2454 .
795 2444 804 2453 .
827 2443 835 2452 .
866 2416 952 2453 πᾶν
979 2412 1023 2453 δὲ
1048 2412 1093 2454 τὸ
1118 2411 1303 2466 σκληρὸν
1332 2412 1527 2466 χαλεπῶς
1552 2410 1791 2464 μαλάττεται
1817 2426 1856 2451 κ.
1878 2425 1910 2452 τ.
1937 2410 1991 2452 λ.;

175 2484 409 2538 utrimque,
443 2486 716 2536 quantopere
750 2483 918 2524 animos
951 2482 1055 2524 inde
1089 2497 1114 2524 a
1146 2483 1288 2537 prima
1320 2484 1466 2524 aetate
1497 2480 1679 2523 formari
1709 2493 1887 2522 necesse
1921 2479 1991 2531 sit,

174 2555 514 2596 demonstratur.
541 2554 654 2596 Pars
678 2553 825 2608 igitur,
853 2568 964 2608 quae
990 2553 1276 2595 nutritionem
1309 2553 1503 2595 continet
1528 2551 1574 2609 (3
1595 2551 1766 2606 C—D),
1795 2565 1885 2593 non
1911 2556 1996 2593 suo

172 2625 270 2667 loco
302 2626 449 2678 posita
482 2639 575 2667 esse
607 2624 792 2678 videtur,
825 2625 944 2679 quod
975 2629 1078 2679 post
1102 2625 1246 2678 ipsam
1271 2624 1598 2679 generationem
1622 2622 1859 2664 inserenda
1885 2626 1991 2665 erat.

318 2766 344 2813 1)
370 2767 415 2801 de
442 2767 624 2811 scriptore
651 2779 684 2802 v.
711 2766 1026 2812 Christ-Schmid,
1052 2767 1186 2802 Gesch.
1214 2766 1250 2801 d.
1275 2765 1414 2812 griech.
1442 2764 1518 2800 Lit.
1546 2765 1669 2809 1908⁵‚
1696 2765 1715 2799 Ι
1741 2777 1776 2810 p.
1803 2765 1884 2800 338.

318 2825 341 2870 1)
370 2825 513 2870 Operae
539 2827 702 2871 pretium
743 2829 799 2861 est
825 2826 1124 2861 animadvertere
1163 2829 1417 2860 armentorum
1445 2836 1572 2859 curam
1598 2825 1812 2869 Vergilium
1850 2825 1890 2859 in
1913 2823 1990 2859 111.

173 2885 271 2919 libro
300 2884 568 2930 Georgicorum
597 2885 726 2920 eodem
755 2885 884 2920 ordine
906 2906 951 2912 --
969 2886 1103 2931 prioris
1125 2886 1268 2920 scilicet
1292 2885 1409 2928 partis
1429 2905 1473 2909 —
1494 2894 1693 2928 exponere,
1720 2883 1768 2918 cf.
1787 2895 1821 2918 v.
1841 2884 1886 2919 51
1913 2895 1992 2918 cor-

169 2956 264 2988 pora
278 2944 478 2989 praecipue
495 2948 659 2979 matrum
682 2946 784 2990 ἱεραί,
804 2944 936 2980 deinde
957 2946 1001 2980 73
1022 2957 1075 2990 sq.
1096 2945 1141 2980 de
1160 2945 1349 2990 masculis,
1374 2946 1459 2989 post
1480 2944 1621 2978 coitum
1649 2943 1718 2979 138
1742 2954 1876 2978 rursus
1900 2953 1992 2977 cura

168 3006 322 3047 patrum
348 3004 472 3038 cadere
497 3007 529 3038 et
552 3004 737 3039 succedere
761 3008 926 3039 matrum
951 3004 1098 3050 incipit,
1137 3004 1271 3039 deinde
1300 3004 1365 3038 157
1392 3006 1477 3049 post
1497 3006 1650 3048 partum
1676 3015 1767 3038 cura
1792 3003 1836 3038 in
1859 3002 1992 3037 vitulos

174 3062 380 3096 traducitur
393 3062 530 3107 omni-33
550 3063 621 3097 hac
642 3066 765 3098 aetate
784 3063 834 3108 id,
861 3063 908 3098 ad
929 3064 1029 3108 quod
1050 3063 1285 3109 destinantur
1296 3063 1451 3107 bestiae,
1470 3063 1739 3098 exercitatione
1753 3061 1990 3097 efficiendum

174 3122 231 3154 est
257 3120 346 3155 dum
370 3121 500 3164 faciles
525 3122 652 3156 animi
675 3122 862 3168 iuvenum,
888 3123 977 3157 dum
1002 3122 1151 3158 mobilis
1177 3126 1276 3158 aetas
1302 3124 1348 3167 (v.
1375 3123 1470 3166 165).
