2138 3438
958 123 1252 165 —96—

339 263 575 306 Accedunt
613 263 984 306 additamenta
1022 263 1103 307 vel
1136 263 1318 307 Stoica
1347 265 1427 308 vel
1458 265 1715 321 vulgaria:
1759 267 1779 308 1
1805 265 2018 323 o—D(?)

195 335 406 389 exempla,
441 338 466 378 2
486 333 631 378 A—O
658 338 702 377 et
727 335 956 378 2D—3B
982 337 1124 385 πόνος,
1149 337 1370 391 ἐπιμέλεια,
1397 338 1519 379 varia
1539 337 1750 392 exempla,
1777 338 2017 394 praecipue
2056 373 2061 378 s
2133 345 2138 349 ’

196 420 329 448 canes
359 406 552 461 Lycurgi
585 406 658 461 (cf.
687 407 846 461 quibus
878 406 1023 449 verbis
1050 407 1336 450 inducantur:
1370 410 1427 451 ἑνὶ
1458 410 1505 452 δὲ
1534 411 1628 464 περὶ
1658 411 1818 453 τούτων
1849 412 2017 454 ἔτι-πα-

195 480 436 534 ραδείγματι
466 480 731 533 χρησάμενος
762 479 1054 533 ἀπαλλάξομαι
1089 483 1158 520 τοῦ
1190 481 1246 521 ἔτι
1275 481 1370 533 περὶ
1401 482 1541 522 αὐτῶν
1566 482 1797 536 μηκύνειν),
1830 483 1855 524 3
1877 480 2018 524 Ο-Ε’

193 548 409 592 nonnulla
451 549 644 591 fortasse
689 549 734 590 in
780 549 1023 591 nutritione
1068 551 1555 605 (quiam-argumentum)
1593 554 1638 593 et
1669 552 1722 601 de
1755 551 2016 603 nutricibus,

195 622 221 663 4
244 618 374 663 A—5
397 620 432 663 O
466 620 520 662 de
551 619 824 675 paedagogis
858 623 991 675 atque
1022 621 1257 675 magistris,
1287 621 1524 676 praecique
1557 623 1581 664 5
1602 620 1746 666 A—O
1776 623 2018 666 iuventutis

194 691 313 743 vitia,
361 693 386 733 5
406 691 539 734 D—6
560 690 605 733 A
647 690 864 733 bonorum
909 692 1183 746 comparatio
1229 695 1272 734 et
1314 694 1502 739 παιδείας
1538 692 1648 745 laus,
1699 707 1811 748 quae
1848 695 2020 738 inserta

195 766 296 804 sunt
323 765 347 804 5
367 763 424 814 D,
456 762 533 804 ubi
563 763 611 804 in
637 762 714 804 illo
746 766 943 805 tractatu
982 763 1039 805 ad
1080 762 1369 805 eruditionem
1406 763 1434 805 i.
1469 777 1505 805 e.
1545 764 1879 808 exercitationes
1906 758 2018 808 'ora-

193 834 332 876 torias
374 834 602 885 transitur,
650 836 672 877 7
696 833 820 876 Ο-8
841 834 881 876 Β
927 837 1044 876 artes
1093 833 1301 876 liberales
1345 835 1572 889 (quoniam
1614 838 1801 883 παιδείας
1849 837 2018 879 mentio

192 904 312 947 facta
354 907 435 960 est)
474 908 518 947 et
560 905 882 960 philosophiae,
926 919 1095 948 morum
1140 905 1285 948 cultus
1330 919 1382 948 ac
1427 906 1563 948 studii
1602 906 1717 959 laus,
1761 908 1785 949 8
1807 906 2018 962 O—D(?)

194 976 246 1019 de
294 976 553 1031 corporibus
598 977 867 1030 exercendis,
917 977 1104 1019 eliz—F
1155 979 1315 1032 μνήμη,
1362 978 1415 1020 10
1438 977 1650 1020 Ο-ῙΙΟ
1700 978 1912 1033 exempla,
1961 980 2014 1021 13

194 1047 336 1090 A—O
368 1049 560 1098 κόλακες,
596 1050 649 1090 13
670 1048 708 1089 F
729 1047 768 1102 (ἱ)
799 1063 838 1090 v.
873 1051 936 1102 s.)‚
972 1050 1028 1091 14
1046 1047 1190 1091 A—O
1224 1047 1278 1090 de
1310 1052 1488 1103 patrum
1528 1049 1734 1101 moribus,
1771 1049 2021 1105 Eurydices

195 1119 441 1174 exemplum
481 1119 619 1175 (quod
653 1119 879 1161 inducitur
920 1121 973 1162 14
995 1119 1040 1162 A
1069 1122 1232 1175 βραχέα
1265 1121 1311 1162 δὲ
1342 1122 1545 1174 προσθεὶς
1575 1122 1631 1163 ἔτι
1660 1123 1913 1177 περιγράψω
1943 1122 2018 1169 τὰς

195 1190 453 1247 ὑποθήκας).

337 1261 386 1303 Si
415 1263 463 1303 in
487 1262 619 1304 rebus
644 1262 709 1304 ita
734 1261 1025 1304 discribendis
1053 1262 1358 1316 dispositionis
1384 1261 1523 1304 libelli
1548 1262 1765 1304 rationem
1789 1261 2018 1316 habemus,

192 1332 408 1375 nonnulla
452 1333 619 1375 ordinis
662 1333 770 1375 vitia
814 1359 872 1364 —
918 1347 1185 1387 quamquam
1228 1348 1319 1376 non
1365 1333 1513 1375 omnia
1552 1359 1607 1364 -—
1640 1332 1772 1376 facile
1804 1333 2015 1389 explicari

193 1404 470 1459 perspicuum
503 1408 579 1446 est.
614 1403 703 1447 Sed
736 1403 789 1446 de
823 1418 875 1445 ea
906 1418 952 1446 re
985 1405 1128 1459 prima
1154 1404 1356 1459 opusculi
1381 1408 1508 1459 parte
1535 1404 1624 1446 iam
1657 1404 1766 1447 satis
1791 1404 1898 1446 mihi
1925 1405 2013 1448 dic-

193 1479 286 1517 tum
319 1479 402 1528 est,
446 1475 518 1516 hic
552 1490 665 1530 quae
703 1474 766 1517 ibi
799 1476 997 1530 exposita
1036 1479 1149 1529 sunt,
1189 1480 1508 1531 comparentur.
1553 1476 1758 1519 Ceterum
1789 1491 1854 1529 ea,
1900 1491 2018 1532 quae

194 1547 387 1601 exposui,
420 1547 530 1589 satis
562 1547 771 1601 ambigua
802 1560 896 1589 esse
930 1547 1136 1589 concedo.
1170 1546 1260 1590 Sed
1291 1547 1396 1589 licet
1428 1546 1604 1602 singula
1637 1547 1856 1602 quaedam
1887 1547 2016 1591 aliter
2081 1605 2084 1608 Δ

195 1632 239 1660 se
270 1617 474 1670 habeant,
518 1617 570 1660 de
609 1619 746 1660 totius
778 1618 918 1660 libelli
946 1616 1117 1660 'natura
1150 1621 1283 1673 atque
1317 1619 1636 1673 compositione
1680 1633 1750 1661 res
1781 1618 1890 1661 mihi
1922 1619 2017 1674 qui·

194 1689 292 1731 dem
324 1690 561 1744 perspicua
593 1704 687 1732 esse
714 1690 897 1732 videtur.
940 1689 1246 1745 Quamobrem,
1278 1691 1536 1745 priusquam
1561 1690 1691 1732 huius
1715 1691 1858 1745 partis
1882 1691 2018 1733 finem

193 1760 321 1812 facie,
359 1760 551 1803 breviter
581 1775 727 1803 rerum
760 1775 975 1803 summam
1008 1762 1340 1816 composuerim.
1386 1761 1460 1803 De
1491 1761 1872 1805 Ps.-Plutarchi
1902 1761 1924 1804 f
1931 1776 2016 1804 on-

193 1832 334 1874 t‘ibus
366 1832 442 1874 ita
473 1832 582 1874 fere
614 1832 956 1875 iudicandum
988 1847 1101 1875 esse
1135 1846 1310 1875 censeo:
1343 1832 1542 1887 Scriptor
1569 1833 1622 1875 de
1648 1847 1883 1888 puerorum
1907 1833 2012 1876 edu-

192 1905 367 1946 catione
401 1918 530 1958 agere
555 1905 763 1955 instituit,
797 1905 961 1959 quippe
988 1905 1063 1959 qui
1090 1905 1183 1947 eius
1208 1905 1273 1946 rei
1298 1905 1392 1959 ipse
1411 1905 1593 1959 ignarus
1618 1919 1707 1947 non
1727 1908 1855 1947 esset.
1889 1906 2016 1961 Quae

193 1978 289 2017 erat
333 1975 494 2017 aetatis
539 1976 632 2018 eius
676 1975 962 2030 philosophia
1007 1975 1200 2030 vulgata,
1247 1990 1336 2030 qua
1375 1975 1625 2019 Stoicorum
1670 1975 1875 2018 doctrina
1917 1976 2016 2018 reli-

194 2060 380 2100 quarum
419 2050 649 2098 sectarum,
694 2047 908 2101 imprimis
946 2047 1145 2102 Peripati
1189 2046 1470 2101 opinionibus
1513 2047 1793 2100 miscebatur,
1838 2051 1883 2090 et
1918 2047 2018 2102 ipse

193 2116 281 2159 tale
313 2117 659 2172 philosophandi
690 2131 826 2172 genus
858 2117 1085 2172 professus
1117 2122 1195 2160 est.
1227 2118 1599 2173 Philosophorum
1626 2119 1791 2173 scripta
1821 2118 1877 2160 de
1908 2118 2014 2161 edu-

195 2189 366 2231 catione
399 2189 643 2243 composita
682 2188 972 2243 perlustranti
1010 2189 1188 2231 libellus
1221 2189 1559 2244 Peripateticus,
1603 2190 1680 2244 qui
1722 2191 1817 2245 περὶ
1847 2191 2018 2233 παίδων

193 2263 363 2316 ἀγωγῆς
406 2260 475 2302 vel
511 2262 605 2314 περὶ
637 2262 825 2307 παιδείας
870 2259 935 2302 vel
975 2263 1069 2314 περὶ
1101 2263 1385 2316 σωφροσύνης
1417 2260 1752 2312 inscribebatur,
1796 2262 1884 2303 sive
1917 2265 2020 2303 erat

191 2331 266 2373 ille
293 2331 587 2386 Theophrasti
613 2332 700 2373 sive
729 2331 911 2374 alterius
930 2331 1184 2386 philosophi
1205 2331 1508 2386 Peripatetici,
1543 2332 1797 2386 aptissimus
1828 2333 1868 2374 ei
1893 2332 2018 2374 visus

193 2407 272 2454 est,
318 2403 558 2445 secundum
597 2417 726 2457 quem
758 2406 999 2457 praecepta
1038 2417 1118 2444 sua
1157 2401 1463 2454 conscriberet,
1508 2403 1716 2456 quoniam
1747 2402 2013 2458 Peripateti·
2058 2439 2059 2442 ,

194 2488 343 2516 corum
370 2475 599 2528 opiniones
627 2474 927 2517 communibus
952 2474 1175 2516 hominum
1194 2474 1451 2516 notionibus
1476 2473 1701 2528 proximae
1723 2487 1854 2528 saepe
1874 2477 2015 2516 erant.

192 2545 482 2599 Reliquorum
513 2545 726 2588 librorum
760 2571 816 2577 —
850 2548 887 2587 si
919 2546 981 2587 ita
1006 2545 1112 2588 licet
1138 2549 1281 2587 mente
1307 2545 1437 2588 nobis
1468 2545 1631 2599 fingere
1666 2571 1723 2576 —
1747 2549 1908 2587 natura
1935 2548 2013 2587 aut

192 2617 322 2658 nimis
355 2616 552 2658 sublimis
585 2620 717 2671 atque
750 2617 986 2672 singularis
1019 2620 1097 2658 aut
1125 2617 1258 2658 nimis
1276 2617 1476 2671 rigorosa
1495 2629 1758 2670 severaeque
1784 2616 2014 2659 doctrinae

192 2688 324 2742 plena
368 2691 460 2729 tam
504 2689 681 2742 ingenio
726 2692 771 2730 et
812 2688 1039 2743 proposito
1079 2688 1320 2742 scriptoris,
1362 2701 1493 2741 quam
1538 2687 1700 2729 aetatis
1743 2687 1889 2729 animo
1922 2701 2012 2730 non.

194 2760 301 2801 satis
334 2760 546 2801 convenit.
596 2758 729 2801 Illum
761 2759 896 2814 igitur
926 2763 1179 2812 tractatum,
1224 2772 1322 2801 cum
1361 2758 1414 2800 de
1446 2762 1541 2800 tota
1579 2758 1842 2800 educatione
1881 2772 2014 2813 agere

193 2830 334 2879 vellet,
365 2830 496 2872 variis
516 2830 647 2873 rebus
669 2831 847 2873 aliunde
867 2831 1017 2885 petitis
1039 2830 1177 2882 auxit3
1204 2830 1441 2884 praecipue
1461 2828 1625 2883 ubique
1646 2828 1800 2872 Stoica
1819 2830 2014 2871 inserere

195 2905 377 2943 conatus
409 2905 476 2943 est
506 2902 572 2944 vel
604 2902 752 2956 potius
785 2902 988 2944 doctrina
1018 2901 1320 2956 Peripatetica
1350 2900 1660 2954 praetermissa
1685 2900 2014 2955 philosophiam

194 2971 707 3026 Peripatetico-Stoicam
741 2972 988 3027 explicavit,
1023 2987 1155 3026 quam
1188 2972 1281 3014 sine
1315 2971 1447 3013 dubio
1479 2986 1569 3013 non
1595 2972 1689 3026 ipse
1721 2975 1862 3014 totam
1895 2985 2013 3014 com-

192 3044 342 3097 posuit
374 3048 506 3098 atque
538 3043 674 3087 finxit.
718 3044 841 3099 Quos
873 3043 1010 3086 libros
1042 3046 1273 3098 praeterea
1306 3042 1569 3094 adhibuerit,
1610 3043 1646 3084 si
1679 3041 1896 3095 adhibuit,
1928 3055 2010 3096 pro

194 3118 312 3156 certo
346 3115 589 3156 diiudicare
621 3126 748 3156 nemo
780 3119 938 3169 potest.
972 3115 1131 3168 Itaque
1158 3113 1276 3168 quod
1303 3127 1436 3167 supra
1462 3114 1634 3168 saepius
1662 3112 1878 3165 contendi,
1909 3125 2010 3155 eum
