2138 3438
932 130 1223 170 „92-

163 272 401 322 sequentes
433 269 528 310 eius
560 273 704 311 sectae
735 268 1023 324 philosophos
1049 268 1277 312 valebant:
1310 271 1375 313 ita
1407 271 1806 327 Theophrastus
1831 286 1984 315 secun-

162 339 270 381 dum
302 339 549 394 Diogenem
580 339 728 382 Laert.
760 339 804 385 V
836 342 892 383 50
926 341 1102 395 scripsit
1131 343 1227 396 περὶ
1250 343 1417 385 παίδων
1449 346 1620 398 ἀγωγῆς
1657 345 1707 398 α’,
1752 344 1854 386 ἄλλο
1897 345 1986 387 διά-

161 428 305 465 φορον
337 412 387 466 α’,
420 413 514 465 περὶ
545 413 733 459 παιδείας
765 415 790 467 ἢ
823 415 920 466 περί
942 415 1104 466 ἀρετῶν
1137 415 1162 468 ἢ
1194 414 1290 467 περὶ
1331 416 1617 470 σωφροσύνης
1654 416 1692 457 α’
1737 415 1986 472 (praeterea

166 482 208 526 V
234 483 289 524 42
316 484 411 536 περὶ
441 485 629 530 παιδείας
660 482 896 540 βασιλέως).
928 483 997 525 De
1032 484 1186 526 ceteris
1218 484 1528 539 Peripateticis
1560 501 1596 528 v.
1624 485 1987 541 Grassbergerum

162 553 192 595 l.
225 552 253 595 1.
287 568 322 595 v.
356 553 416 596 ΙΙ.
448 569 488 608 p.
523 556 560 597 8.
592 553 749 608 Neque
783 554 899 596 enim
930 554 1061 596 huius
1092 554 1181 597 loci
1214 559 1280 598 est
1312 570 1365 598 ea
1397 570 1531 611 opera
1563 570 1818 599 enumerare
1851 561 1986 611 atque

167 624 428 677 describere,
463 625 515 669 de
549 625 707 679 quibus
750 639 976 680 perpauca
1019 625 1148 668 nobis
1186 626 1352 669 tradita
1397 628 1496 670 sint.
1541 628 1690 683 Quare
1723 629 1769 671 in
1810 628 1987 671 illorum
2037 661 2041 663 —

163 696 524 751 philosophorum
574 711 753 739 numero
804 697 1129 739 PS.-Plutarchi
1181 702 1406 740 auctorem
1456 690 1667 753 quaerere
1716 713 1878 742 vanum
1934 714 1986 742 ac

166 782 480 822 supervacuum
513 772 591 810 est.
636 767 753 810 Nam
787 768 904 822 quod
936 768 1025 810 iam
1059 783 1192 823 supra
1225 770 1444 824 apparuit,
1486 773 1629 813 totum
1671 770 1870 813 libellum
1907 772 1988 812 uni

164 840 336 882 auctori
362 839 544 882 attribui
569 854 656 881 non
682 853 824 894 posse,
856 840 929 881 hic
955 854 1129 895 quoque
1155 841 1292 894 valet;
1318 856 1423 884 num
1450 846 1598 885 autem
1623 843 1812 897 scriptor
1837 842 1986 898 aliquo

162 925 314 953 eorum
344 910 721 966 philosophorum,
756 911 810 953 de
843 925 1030 966 quorum
1063 913 1239 966 scriptis
1269 912 1409 955 ferme
1439 913 1551 955 nihil
1584 916 1762 967 scimus,
1807 917 1987 957 auctore

164 983 208 1023 in
244 982 427 1037 singulis
471 982 601 1024 rebus
632 997 737 1024 usus
771 983 839 1034 sit,
879 987 928 1024 ut
972 983 1026 1025 de
1060 983 1256 1038 quolibet
1300 984 1432 1026 facile
1466 985 1620 1037 conici,
1666 985 1730 1027 ita
1773 984 1986 1032 111.1111110

165 1054 274 1096 satis
301 1053 578 1108 comprobari
609 1057 767 1109 potest.
800 1055 925 1110 Quae
947 1053 1180 1097 Schickius
1207 1071 1249 1110 p.
1276 1058 1331 1098 26
1361 1056 1552 1110 exponit,
1578 1056 1655 1099 ubi
1679 1056 1988 1099 tractationem

164 1125 420 1167 nutritionis
453 1128 497 1167 et
528 1125 697 1179 primae
742 1125 1021 1168 educationis
1064 1126 1313 1179 Iamblichi,
1348 1126 1503 1179 Ocelli,
1543 1127 1725 1170 Stobaei
1757 1127 1987 1171 sententiis

165 1196 338 1239 collatis
370 1195 639 1240 Aristoxeno
673 1197 890 1250 attribuit,
923 1195 1031 1240 mihi
1065 1212 1236 1252 quoque
1270 1198 1459 1241 maxime
1504 1199 1694 1253 probata
1733 1202 1846 1242 sunt.
1898 1198 1987 1242 Sed

164 1272 475 1322 praeterquam
508 1268 628 1322 quod
673 1268 727 1311 de
771 1269 930 1310 ceteris
967 1267 1097 1311 rebus
1140 1269 1401 1312 concludere
1444 1284 1535 1312 non
1579 1284 1814 1325 possumus
1844 1284 1986 1325 neque

163 1341 334 1391 scimus,
368 1344 584 1394 quatenus
616 1339 909 1383 Aristoxenus
940 1341 987 1383 in
1019 1342 1342 1396 Πυθαγορικαῖς
1373 1344 1632 1398 ἀποφάσεσιν
1677 1342 1985 1384 educationem

160 1412 432 1463 tractaverit,
470 1412 910 1454 animadvertendum
944 1416 1010 1454 est
1041 1412 1288 1455 simillimas
1332 1427 1403 1455 res
1443 1414 1534 1456 sine
1574 1413 1708 1456 dubio
1743 1417 1987 1456 ceterorum

166 1483 563 1538 Peripateticorum
598 1497 849 1525 communes
887 1483 976 1525 fere
1009 1483 1159 1536 fuisse,
1191 1484 1242 1526 nt
1272 1484 1534 1539 Hieronymi
1566 1485 1710 1527 verbis
1755 1484 1846 1526 illis
1887 1484 1986 1527 illu-

162 1558 348 1606 stratur;
376 1555 429 1596 de
457 1554 671 1597 Clearcho
700 1555 879 1608 quidem
905 1569 993 1597 non
1023 1555 1169 1597 minus
1195 1556 1431 1598 verisimile
1465 1560 1532 1598 est
1557 1555 1632 1612 (cf.
1660 1555 1836 1598 Schick.
1862 1571 1904 1611 p.
1930 1558 1984 1599 27

165 1626 266 1667 adn.
301 1627 390 1681 49).
425 1626 573 1681 Quare
592 1627 708 1668 inter
726 1625 1047 1668 Aristoxenum
1068 1630 1112 1669 et
1136 1627 1523 1669 Ps.-Plutarchum
1545 1641 1758 1670 conexum
1778 1627 1987 1670 artiorem

163 1697 379 1752 suspicari
409 1712 569 1739 vanum
601 1711 695 1739 esse
727 1697 914 1750 videtur,
948 1698 1067 1753 quod
1098 1699 1210 1741 tales
1242 1712 1326 1752 res,
1358 1698 1517 1753 quibus
1561 1698 1652 1741 fere
1697 1699 1988 1749 consentiunt,

160 1768 345 1823 reliquis
390 1783 564 1823 quoque
596 1769 907 1823 Peripateticis
952 1770 1229 1812 conveniunt.
1282 1769 1348 1812 At
1392 1771 1438 1812 id
1480 1784 1617 1812 unum
1658 1770 1766 1812 mihi
1810 1770 1988 1825 quidem

162 1844 330 1882 certum
362 1854 457 1882 esse
487 1840 680 1882 videtur:
710 1840 746 1882 si
772 1841 1095 1895 Peripateticos
1130 1841 1402 1894 adhibemus,
1436 1841 1645 1884 facillime
1672 1841 1883 1897 explicari
1908 1855 1986 1897 po-

164 1916 251 1954 test
281 1912 342 1963 id,
385 1911 504 1966 quod
532 1911 732 1966 alioquin
763 1926 971 1966 magnam
1004 1912 1314 1955 difficultatem
1344 1913 1493 1966 habet,
1525 1927 1602 1955 cur
1626 1913 1987 1956 Ps.-Plutarchus

163 1997 254 2025 non
285 1987 535 2025 universam
568 1983 861 2025 eruditionem
895 1987 938 2026 et
968 1984 1304 2037 institutionem,
1349 1984 1427 2027 sed
1469 1999 1610 2039 paene
1644 1985 1785 2027 solum
1816 1998 1986 2027 morum

162 2055 329 2096 cultum
359 2055 630 2097 tractaverit.
661 2055 766 2098 Non
795 2056 903 2097 satis
930 2060 996 2097 est
1023 2055 1282 2098 confirmare
1315 2057 1587 2111 scriptorem,
1619 2070 1732 2111 quae
1765 2060 1862 2098 erat
1893 2057 1987 2098 eius

165 2125 459 2180 philosophia,
492 2140 624 2180 quam
657 2126 762 2167 solis
795 2127 842 2168 in
874 2127 1069 2169 moribus
1112 2127 1321 2181 perfectis
1366 2132 1409 2169 et
1449 2132 1568 2170 recto
1612 2128 1786 2170 vivendi
1831 2141 1986 2182 genere

163 2198 296 2239 sitam
316 2211 411 2239 esse
437 2211 574 2251 supra
600 2198 824 2251 apparuit,
854 2198 902 2239 in
928 2198 1158 2239 educando
1188 2198 1329 2241 solam
1355 2199 1559 2241 virtutem
1587 2198 1670 2241 sibi
1695 2199 1987 2254 proposuisse.

165 2269 289 2324 Quae
322 2270 438 2310 enim
472 2272 538 2311 est
570 2269 663 2311 eius
695 2267 861 2311 virtus?
910 2269 1008 2311 Iam
1053 2270 1230 2323 saepius
1268 2283 1365 2311 eam
1409 2270 1736 2324 descripsimus:
1781 2270 1894 2312 bene
1934 2284 1987 2312 ac

162 2341 390 2382 moderate
422 2341 575 2394 vivere,
626 2344 794 2382 rectum
837 2340 1016 2383 modum
1060 2355 1112 2383 ac
1157 2340 1363 2383 decorum
1408 2355 1594 2393 servare,
1640 2355 1746 2395 erga
1789 2341 1985 2383 homines

164 2426 345 2464 comem,
392 2412 667 2464 benevolum,
701 2413 892 2454 amicum
924 2426 1031 2455 esse.
1070 2411 1144 2454 An
1175 2413 1314 2454 virtus
1345 2413 1552 2454 universa
1583 2412 1651 2454 his
1682 2412 1815 2454 rebus
1846 2412 1986 2454 conti-

164 2482 321 2526 netur?
352 2483 512 2526 Nonne
545 2484 729 2526 virtutes
760 2486 933 2536 mentis,
980 2484 1212 2538 sentiendi,
1257 2483 1552 2539 cognoscendi
1598 2487 1711 2535 sunt,
1748 2497 1897 2526 nonne
1929 2482 1985 2525 ab

165 2555 367 2596 omnibus
410 2554 697 2609 philosophis,
743 2555 941 2609 quamvis
988 2555 1221 2610 diligenter
1266 2556 1462 2598 actiones
1504 2554 1792 2610 postularent,
1846 2555 1985 2596 virtus

166 2626 309 2668 activa
342 2639 364 2667 e
390 2626 563 2668 virtutis
594 2627 789 2680 notione,
822 2640 844 2668 e
877 2640 1022 2668 rerum
1055 2627 1242 2669 scientia
1286 2626 1487 2669 derivata
1519 2625 1612 2668 e'st‘?
1655 2626 1792 2681 Apud
1837 2640 1985 2668 omnes

164 2697 342 2739 virtutis
375 2697 577 2739 doctores
610 2697 853 2751 quamlibet
889 2697 1127 2752 populares
1161 2712 1213 2740 ac
1243 2699 1359 2740 vitae
1406 2698 1577 2740 activae
1623 2697 1794 2740 deditos
1835 2698 1986 2749 virtus,

164 2772 404 2822 antequam
448 2769 494 2810 in
539 2769 711 2822 agendo
745 2773 823 2820 est,
866 2770 911 2810 in
964 2770 1269 2824 cognoscendo
1313 2783 1407 2811 esse
1446 2768 1590 2823 debet,
1633 2782 1656 2811 e
1687 2773 1873 2811 naturae
1903 2768 1984 2811 hu·

164 2853 323 2881 manae
364 2853 597 2894 rerumque
644 2841 828 2882 scientia
872 2840 1178 2895 proficiscitur.
1219 2839 1584 2882 Ps.-Plutarchus
1634 2841 1769 2895 igitur
1810 2840 1985 2882 virtutis

163 2915 391 2964 tamquam
423 2910 759 2953 fundamentum
792 2925 844 2953 ac
868 2912 1080 2954 maiorem
1111 2916 1282 2966 partem
1310 2912 1474 2954 omisit:
1502 2926 1591 2954 non
1618 2911 1726 2965 quid
1752 2912 1809 2953 sit
1833 2906 1983 2963 virtus,

167 2996 254 3035 qua
287 2982 455 3024 ratione
491 2983 780 3034 contineatur,
812 2986 889 3024 cur
920 2983 1110 3025 hominis
1144 2998 1359 3025 summum
1390 2982 1555 3025 bonum
1587 2997 1640 3024 ac
1679 2982 1873 3024 studium
1913 2983 1983 3035 sit,
2009 3024 2013 3028 ,

166 3052 244 3093 sed
277 3053 495 3106 quomodo
528 3054 760 3096 vivendum
793 3058 838 3096 et
864 3069 968 3108 erga
1002 3054 1112 3097 alios
1152 3054 1369 3109 agendum
1403 3055 1469 3106 sit,
1501 3055 1693 3108 exponit.
1737 3054 1886 3110 Quare
1928 3054 1983 3096 ri-

166 3137 263 3165 sum
294 3123 364 3164 vix
395 3128 560 3176 teneas,
609 3139 706 3166 cum
737 3124 1045 3180 philosophiae
1080 3126 1275 3168 studium
1319 3127 1477 3168 ceteris
1521 3125 1716 3167 scientiis
1758 3129 1983 3180 praestare
