2138 3438
929 124 1224 167 -21—

169 265 219 307 Π
244 266 314 316 21,
341 266 365 308 7
397 279 490 308 non
518 265 636 307 vides
667 268 720 307 nt
748 266 953 308 maiorem
982 281 1200 323 quamque
1221 268 1452 324 fortunam
1475 269 1613 311 maior
1637 270 1706 312 ira
1729 271 1983 313 comitetur?

169 337 220 378 in
243 336 459 379 divitibus
477 340 517 378 et
535 336 756 379 nobilibus
773 340 815 379 et
831 338 1159 393 mayistratibus
1171 339 1404 394 praecipue
1427 341 1618 395 adparet,
1648 354 1748 383 cum
1771 342 1987 396 quidquid

170 408 255 450 leve
290 411 331 449 et
373 408 508 450 inane
547 408 601 450 in
642 408 794 451 animo
825 413 929 463 erat,
970 411 1160 452 secunda
1201 424 1246 452 se
1287 424 1401 452 aura
1442 410 1635 452 sustulit.
1696 411 1826 454 Illam
1869 413 1985 454 enim

168 476 351 520 alterius
372 478 425 520 de
444 478 512 520 ira
536 477 640 520 libri
663 482 846 533 partem,
874 494 969 534 cap.
997 482 1185 533 19-21,
1212 494 1235 523 e
1260 481 1536 523 Posidonii
1559 481 1683 524 libris
1707 485 1801 537 περὶ
1827 485 1983 526 παθῶν

167 548 344 591 fluxisse
370 549 735 592 verisimillimum
768 552 887 605 estl).
931 550 1056 606 Quae
1089 565 1186 593 cum
1217 551 1282 594 ita
1313 552 1415 602 sint,
1455 551 1563 593 mihi
1595 553 1770 606 quidem
1804 554 1985 597 dubium

166 634 256 662 non
299 624 377 672 est,
427 621 534 675 quin
586 620 908 663 Ps.-Plutarchi
955 621 1202 664 nobilitatis
1257 626 1302 664 et
1345 622 1487 664 bonae
1538 622 1683 666 famae
1734 625 1983 667 aestimatio

167 690 369 733 mediae
394 691 670 745 potissimum
696 691 786 735 Sto
799 706 856 734 ae
882 692 961 735 vel
985 695 1142 735 etiam
1166 693 1320 748 Perip
1333 697 1417 735 ato
1443 694 1721 748 respondeat,
1749 695 1983 738 dummodo

167 761 303 804 alicui
327 761 639 817 philosophiae
664 763 934 806 vindicanda
958 764 1034 806 sit:
1063 768 1179 807 certe
1205 778 1232 807 a
1255 769 1399 807 vetere
1425 764 1536 808 Stoa
1561 765 1629 808 vel
1661 780 1687 808 a
1718 765 1983 820 Cynicorum

169 833 340 875 ratione
350 833 387 890 ²)
419 833 689 876 alienissima
720 839 799 878 est.

309 962 336 1007 ¹)
362 975 397 998 v.
418 963 594 1008 PohlenZ,
621 964 676 1000 De
694 965 887 1001 Posidonii
905 966 1012 1001 libris
1030 968 1124 1013 περὶ
1142 968 1287 1002 παθῶν
1306 966 1449 1011 (Fleck.
1470 967 1605 1002 Jahrb.
1624 967 1714 1013 Sup.
1735 967 1866 1003 XXIV
1885 969 1982 1013 594).

168 1021 224 1056 De
249 1022 315 1057 illo
336 1023 503 1058 Senecae
529 1024 625 1068 1000,
651 1025 829 1068 quoniam
854 1025 893 1059 in
919 1024 1152 1060 educationis
1171 1025 1343 1060 doctrina
1361 1028 1554 1072 permagni
1574 1029 1755 1062 momenti
1775 1030 1843 1072 est,
1868 1028 1982 1062 latius

169 1081 356 1127 agendum
381 1082 543 1117 videtur.
568 1083 763 1118 Pohlenzii
790 1085 1025 1130 argumentis
1064 1085 1193 1130 aliqua
1218 1085 1306 1120 addi
1331 1097 1438 1130 posse
1476 1087 1667 1122 existimo:
1700 1098 1794 1131 quae
1818 1087 1983 1122 maxima

169 1143 267 1186 sunt,
293 1152 438 1177 enarro.
465 1141 609 1177 Seneca
635 1154 678 1178 eo
698 1144 782 1178 loco
808 1144 854 1178 de
879 1145 958 1179 irae
984 1144 1158 1179 remediis
1184 1144 1345 1187 disserit,
1372 1157 1466 1190 quae
1498 1146 1536 1180 in
1561 1147 1757 1181 educando
1782 1147 1920 1191 valent,
1945 1150 1982 1181 et

166 1211 189 1235 a
219 1200 403 1246 doctrina,
437 1213 511 1246 qua
541 1202 656 1236 animi
689 1205 809 1238 status
833 1215 852 1238 e
878 1205 1046 1248 corporis
1075 1203 1295 1239 condicione
1320 1205 1666 1250 elementorumque
1695 1207 1861 1240 mixtura
1886 1206 1982 1241 deri-

164 1262 286 1306 vatur,
312 1261 471 1306 orditur,
497 1273 609 1306 quam
633 1261 826 1297 Posidonii
863 1274 1010 1307 quoque
1047 1263 1162 1298 fuisse
1198 1274 1218 1298 e
1245 1264 1381 1299 Galeni
1410 1264 1508 1299 libro
1538 1266 1629 1311 περὶ
1654 1271 1735 1301 τῶν
1760 1271 1831 1311 τῆς
1854 1272 1984 1312 ψυχῆς

165 1321 278 1366 ἠθῶν
307 1332 344 1365 Ρ.
365 1320 435 1356 820
458 1320 509 1355 Κ.
536 1324 701 1366 apparet.
740 1322 884 1357 Deinde
923 1334 955 1357 c.
993 1323 1049 1368 20,
1093 1324 1115 1357 2
1146 1323 1358 1369 plurimum
1388 1327 1504 1369 potest
1540 1325 1755 1359 consuetudo
1791 1336 1822 1359 e.
1862 1338 1897 1370 q.
1935 1337 1979 1363 s.:

166 1379 630 1426 consuetudo=e19mfladg
665 1382 705 1415 in
729 1380 923 1417 Posidonii
962 1382 1008 1418 de
1045 1382 1265 1419 educatione
1303 1384 1540 1427 opinionibus
1577 1385 1737 1419 multum
1762 1385 1893 1429 valuit,
1919 1386 1982 1430 qui

165 1438 342 1482 quoniam
380 1439 615 1475 irrationales
653 1441 769 1476 animi
807 1440 1006 1477 facultates
1030 1453 1109 1477 esse
1135 1445 1267 1477 contra
1298 1445 1464 1478 veterem
1490 1442 1620 1478 Stoam
1647 1447 1826 1489 censeret,
1854 1455 1981 1479 earum

151 1498 344 1547 &virtutem
383 1499 436 1533 sic
474 1499 698 1545 explicaret:
736 1499 872 1536 Galen.
911 1500 956 1536 de
981 1500 1097 1546 Hipp.
1125 1504 1163 1536 et
1198 1501 1295 1536 Plat.
1321 1502 1447 1548 dogm.
1474 1514 1510 1547 p.
1535 1503 1604 1538 467
1630 1502 1680 1538 K.
1717 1505 1763 1539 ἐν
1794 1505 1873 1550 γὰρ
1897 1511 1983 1550 ταῖς

166 1557 333 1603 ἀλόγοις
355 1563 427 1604 τῆς
449 1565 579 1605 ψυχῆς
598 1559 811 1605 δυνάμεσιν
827 1561 1046 1606 ἐπιστήμας
1063 1563 1134 1597 οὐκ
1151 1562 1407 1608 ἐγγίγνεσθαι
1427 1589 1435 1596 .
1456 1588 1464 1596 .
1486 1588 1494 1596 .
1521 1563 1625 1597 ἀλλὰ
1643 1563 1796 1607 τούτοις
1810 1565 1887 1608 μὲν
1911 1564 1981 1610 τὴν

165 1618 317 1652 οἰκείαν
342 1618 488 1663 ἀρετὴν
510 1619 557 1664 ἐξ
579 1619 740 1664 ἐθισμοῦ
757 1631 867 1665 τινος
885 1620 1037 1666 ἀλόγου
1061 1622 1388 1667 παραγίγνεσθαι.
1413 1621 1511 1656 Tota
1530 1621 1596 1656 illa
1614 1621 1777 1656 Senecae
1803 1623 1981 1657 tractatio

166 1685 210 1709 eo
234 1676 369 1720 tendit,
405 1678 447 1710 ut
482 1675 683 1712 facultates
720 1678 839 1723 partis
876 1679 990 1713 animi
1027 1680 1264 1723 irrationalis,
1309 1691 1403 1724 quae
1427 1681 1552 1724 pueris
1577 1683 1711 1715 natura
1735 1682 1875 1725 insunt,
1906 1694 1981 1717 non

165 1735 448 1780 extinguendas,
469 1736 534 1770 sed
552 1737 592 1771 in
609 1739 754 1771 rectum
773 1738 927 1772 modum
942 1739 1216 1783 componendas
1234 1739 1446 1783 rationique
1465 1739 1700 1775 subiciendas
1715 1752 1792 1775 esse
1811 1752 1981 1786 compro-

165 1793 285 1830 betur.
313 1793 415 1839 Quae
443 1796 629 1830 sententia
652 1795 847 1831 Posidonii
877 1796 1143 1842 psychologiae
1169 1798 1279 1842 plane
1306 1798 1516 1843 respondet.
1542 1798 1675 1843 Itaque
1702 1811 1813 1844 quam
1838 1800 1981 1835 Seneca

165 1856 277 1888 vocat
300 1854 413 1898 iram,
438 1854 538 1890 idem
558 1857 668 1890 sonat
692 1866 735 1890 ac
754 1867 828 1890 vox
846 1855 991 1891 Graeca
1015 1857 1148 1901 θυμός.
1174 1856 1214 1891 Si
1240 1856 1382 1892 Seneca
1408 1861 1546 1902 monet,
1570 1870 1615 1893 ne
1639 1859 1741 1893 iram
1764 1860 1979 1895 nutriamus

164 1917 230 1948 aut
255 1913 414 1949 indolem
437 1915 687 1958 retundamus,
726 1915 870 1950 indoles
897 1915 971 1950 alia
995 1927 1072 1951 esse
1098 1927 1174 1950 non
1197 1919 1334 1962 potest,
1370 1918 1441 1951 nisi
1472 1917 1541 1952 illa
1566 1918 1679 1952 animi
1705 1917 1864 1954 facultas
1889 1921 1979 1954 irra-

163 1973 316 2007 tionalis
351 1976 487 2008 natura
522 1974 646 2010 insita.
686 1973 912 2009 Posidonius
950 1987 1007 2020 ap.
1046 1975 1178 2010 Galen.
1198 1976 1223 2011 l.
1261 1977 1284 2012 l.
1323 1986 1359 2021 p.
1395 1976 1465 2012 466
1503 1977 1634 2022 exigit,
1671 1980 1713 2011 ut
1745 1979 1843 2012 ratio
1874 1982 1981 2024 regat

165 2031 374 2075 facultates,
401 2043 494 2077 quae
519 2034 644 2078 θυμός
668 2036 706 2068 et
730 2035 911 2079 ἐπιθυμία
935 2035 1124 2080 dicuntur,
1149 2035 1262 2080 idque
1280 2036 1346 2079 ita,
1371 2038 1414 2070 ut
1432 2047 1553 2081 neque
1571 2037 1684 2071 nimis
1701 2036 1843 2073 feroces
1861 2050 1979 2083 neque

165 2091 306 2126 debiles
333 2103 376 2127 ac
401 2092 603 2137 languidae
627 2093 714 2128 sint.
745 2092 879 2140 Imago
904 2105 1084 2139 equorum
1111 2095 1349 2140 aufigaeque,
1385 2107 1459 2140 qua
1481 2095 1704 2131 Posidonius
1730 2098 1754 2132 l.
1779 2098 1805 2133 1.
1831 2099 1980 2142 copiose

164 2152 294 2196 utitur,
321 2151 419 2196 apud
445 2151 625 2187 Senecam
651 2152 766 2189 redit:
803 2157 843 2188 ut
866 2154 971 2188 modo
994 2153 1114 2198 frenis
1148 2158 1312 2200 utamur,
1336 2155 1441 2190 modo
1465 2156 1640 2190 stimulis.
1678 2156 1724 2190 In
1755 2156 1979 2192 facultatum

163 2211 391 2246 naturalium
404 2223 559 2246 numero
573 2212 685 2247 etiam
707 2212 891 2258 cupiditas
910 2213 1084 2248 vincendi
1103 2216 1159 2248 est
1178 2213 1324 2258 (Galen.
1344 2215 1368 2250 l.
1389 2215 1413 2249 1.
1428 2227 1463 2260 p.
1476 2215 1546 2250 459
1572 2215 1729 2260 ὁρῶμεν
1754 2215 1791 2250 δ’
1818 2219 1914 2252 αὐτὰ
1933 2238 1978 2243 -

164 2271 212 2306 τὰ
246 2269 382 2306 παιδία
420 2290 466 2296 -
502 2277 617 2306 νικᾶν
651 2272 845 2307 ἐθέλοντα
881 2275 945 2308 καὶ
975 2275 1159 2319 κρατεῖν).
1210 2272 1334 2318 Quare
1371 2274 1526 2308 ambitio
1564 2276 1602 2308 et
1638 2275 1839 2310 aemulatio
1877 2279 1978 2311 recte

163 2329 391 2364 excolendae
415 2333 516 2364 sunt:
542 2329 686 2366 Seneca
710 2332 735 2366 l.
761 2332 785 2367 l.
811 2331 869 2376 21,
896 2332 917 2366 5
942 2332 986 2366 in
1015 2332 1280 2367 certaminibus
1310 2333 1498 2368 adsuescat
1527 2344 1602 2367 non
1631 2345 1756 2368 nocere
1785 2335 1880 2379 velle,
1917 2337 1979 2370 sed

162 2388 314 2424 vincere.
340 2387 450 2434 Quod
467 2389 626 2434 denique
646 2390 695 2425 ad
713 2391 926 2435 superbiam
944 2392 1090 2436 attinet,
1104 2391 1261 2426 eandem
1278 2392 1578 2427 mediocritatem
1599 2404 1710 2436 quam
1727 2394 1766 2427 in
1779 2394 1977 2430 affectibus

163 2447 310 2493 (Galen.
335 2461 376 2484 π.
401 2461 434 2485 τ.
460 2462 492 2484 τ.
517 2461 607 2496 ψυχ.
633 2451 692 2496 ἠΰ.
718 2462 753 2495 p.
780 2451 866 2485 820:
907 2452 1149 2497 συμμέτρους
1173 2452 1245 2497 τὰς
1267 2457 1338 2498 τῆς
1363 2457 1491 2498 ψυχῆς
1515 2453 1703 2498 κινήσεις)
1740 2452 1976 2489 efficiendam

163 2519 241 2543 esse
277 2509 417 2544 elucet:
455 2511 498 2543 ut
523 2510 579 2543 sui
618 2510 829 2545 aestimatio
867 2510 1017 2544 modica
1042 2521 1085 2544 ac
1121 2511 1271 2545 virtutis
1306 2510 1444 2545 fiducia
1481 2511 1689 2546 laudandae
1727 2515 1824 2557 sunt,
1861 2514 1915 2548 ita
1941 2517 1979 2549 et

162 2567 366 2612 exsultatio,
390 2568 515 2603 nimia
538 2568 749 2603 aestimatio
773 2568 846 2611 sui,
872 2572 993 2603 tumor
1017 2569 1338 2614 reprehenduntur
1362 2573 1400 2604 et
1424 2571 1569 2605 animus
1595 2571 1747 2606 humilis
1773 2583 1816 2607 ac
1834 2572 1978 2607 servilis

163 2626 379 2662 abiciendus
404 2630 472 2671 est,
509 2627 595 2663 Sen.
613 2628 672 2672 21,
710 2629 734 2663 4
758 2628 856 2662 nihil
880 2628 1031 2672 humile,
1068 2628 1168 2663 nihil
1201 2629 1329 2663 servile
1347 2629 1518 2674 patiatur
1555 2633 1680 2675 (puer)
1710 2634 1747 2666 et
1772 2632 1794 2666 3
1818 2632 1977 2676 spiritus

164 2685 332 2721 servitute
356 2686 638 2722 comminuitur.
663 2686 766 2732 Quae
793 2698 877 2721 cum
903 2687 957 2722 ita
981 2688 1066 2731 sint,
1090 2686 1252 2722 Senecae
1277 2689 1402 2732 capita
1420 2689 1488 2723 illa
1507 2688 1554 2723 ad
1571 2688 1763 2724 Posidonii
1782 2691 1976 2734 opiniones

165 2745 445 2790 cognoscendas
471 2746 648 2782 adhibere
673 2747 751 2781 sine
778 2746 892 2781 dubio
918 2746 1027 2781 nobis
1051 2747 1150 2794 licet.

306 2816 336 2861 2)
360 2816 459 2852 Nam
483 2817 655 2862 equidem
681 2829 748 2863 pro
775 2820 878 2853 certo
902 2818 1022 2853 habeo
1047 2818 1147 2852 hunc
1178 2819 1397 2864 scriptorem
1422 2820 1527 2854 illam
1553 2821 1759 2866 εὐγενείας
1783 2821 1975 2865 notionem

163 2876 272 2921 plane
309 2876 493 2921 ignorare,
530 2888 641 2921 quam
667 2877 796 2922 Cynici
834 2877 1017 2922 imprimis
1054 2877 1268 2923 philosophi
1305 2878 1450 2924 vulgari
1487 2878 1698 2914 nobilitatis
1724 2880 1974 2914 aestimationi

164 2935 391 2969 contrariam
429 2934 644 2981 effecerunt,
681 2948 754 2981 qua
790 2937 975 2982 εὐγένεια
1011 2939 1048 2970 et
1085 2937 1250 2981 corporis
1286 2940 1324 2972 et
1361 2938 1475 2972 animi
1517 2938 1798 2982 praestantiam,
1834 2941 1972 2972 statum

164 3005 276 3038 supra
312 2993 475 3029 debilem
512 2994 710 3030 hominum
747 2995 1030 3030 multitudinem
1066 2996 1206 3030 elatum
1232 2997 1388 3032 sonabat
1418 2996 1483 3043 (cf.
1508 2997 1606 3042 Jo'el,
1645 2997 1719 3032 Der
1745 2997 1851 3033 echte
1876 3010 1913 3032 u.
1939 2999 1973 3033 d.

163 3052 324 3097 xenoph.
349 3052 456 3088 Sokr.
481 3065 516 3087 v.
541 3052 582 3088 Π
606 3065 642 3098 p.
667 3054 830 3090 349—61
859 3054 905 3089 de
930 3055 1153 3090 Antisthene
1179 3059 1217 3090 et
1247 3055 1396 3091 Schick.
1422 3057 1447 3090 l.
1473 3057 1497 3090 l.
1521 3068 1557 3101 p.
1583 3057 1629 3091 35
1655 3056 1740 3092 adn.
1765 3058 1834 3102 64„
1860 3069 1895 3103 p.
1916 3058 1972 3093 37.

164 3111 249 3146 adn.
275 3112 348 3156 69).
374 3111 513 3157 Quodsi
533 3112 836 3148 Ps.-Plutarchus
857 3125 1003 3158 quoque
1023 3115 1232 3160 εὐγένειαν
1249 3116 1287 3150 in
1301 3116 1415 3160 prolis
1440 3115 1682 3151 facultatibus
1701 3127 1830 3151 revera
1849 3117 1972 3151 valere
