2138 3438
907 125 1203 168 „97-

150 266 511 323 philosophorum
542 266 680 319 libris,
714 281 824 321 quos
854 267 1066 320 novimus,
1097 266 1204 322 ipsis
1228 280 1356 308 usum
1380 280 1469 309 non
1495 280 1602 319 esse,
1627 266 1692 309 ita
1710 279 1816 309 sane
1837 264 1962 308 intel-

149 338 383 394 legendum
414 342 497 382 est:
530 352 621 381 non
653 342 827 393 oportet
858 338 1116 393 scriptorem
1147 337 1300 392 aliqua
1331 351 1384 380 ex
1415 337 1504 380 illis
1535 337 1661 380 libris
1687 337 1796 392 ipsis
1821 341 1961 380 trans-

147 409 300 453 tulisse
333 410 547 462 conicere,
579 423 676 451 cum
708 409 837 452 aliter
869 423 1042 464 quoque
1069 423 1137 451 res
1165 408 1374 464 explicari
1398 410 1588 464 possint;
1622 409 1700 451 sed
1718 412 1866 450 utrum
1885 422 1962 451 eos

149 480 402 523 adhibuerit
431 494 584 533 necne,
630 481 676 523 in
708 480 841 523 dubio
874 494 1045 535 semper
1075 481 1171 523 erit.
1221 480 1463 523 Praeterea
1493 479 1730 522 nonnullas
1769 494 1838 522 res
1870 479 1962 521 vul-

147 565 275 607 gares
306 551 482 595 addidit
518 578 574 583 —
614 565 756 607 neque
789 553 904 594 enim
937 552 1045 594 satis
1077 551 1327 606 praedicari
1357 554 1518 606 potest,
1564 554 1838 606 quantopere
1869 551 1960 593 illis

145 623 415 679 temporibus
448 623 755 679 philosophiae
789 623 842 666 de
874 623 1138 666 educatione
1181 623 1305 666 locus
1338 622 1592 678 divulgatus
1623 622 1759 665 fuerit
1789 649 1846 654 —
1879 636 1960 664 sua

146 695 335 750 denique
354 695 542 738 fortasse
562 694 858 750 compluribus
877 694 986 738 locis
1004 695 1201 737 inseruit.
1231 695 1287 737 In
1317 694 1449 737 rebus
1474 698 1621 736 autem
1647 693 1959 748 componendis

145 765 356 809 librorum
400 766 454 809 de
486 767 751 809 educatione
783 767 1044 821 scriptorum
1082 766 1280 819 ordinem
1317 792 1374 797 —-
1413 779 1541 821 quem
1578 765 1719 820 prima
1757 764 1959 820 opusculi

145 842 271 892 parte
303 838 551 881 describere
584 842 768 880 conatus
795 852 890 880 sum
919 864 978 868 ——
1011 851 1182 880 servare
1209 837 1391 891 studuit,
1423 851 1699 892 quamquam,
1723 839 1774 878 ut
1792 835 1957 878 ibidem

146 910 366 964 apparuit,
398 910 714 964 incompositae
747 908 1071 964 compilationis
1102 909 1209 952 vitia
1241 910 1403 952 evitare
1435 923 1525 952 non
1557 909 1714 963 potuit.

193 3204 440 3233 Dissertationes
459 3206 538 3240 phil.
554 3204 691 3232 vindob.
713 3205 782 3231 x11.
