2138 3438
957 733 1106 785 Pars
1137 733 1246 785 ΠΙ.

512 865 606 936 De
657 863 964 936 fontibus
1016 863 1673 936 Pseudo-Plutarchi.

325 1032 395 1074 Ex
427 1046 572 1074 rerum
604 1031 948 1086 comparatione,
983 1045 1117 1085 quam
1155 1030 1296 1073 altera
1334 1030 1537 1085 opusculi
1568 1034 1707 1085 parte,
1743 1034 1793 1072 ut
1833 1031 2010 1073 institu-

187 1117 324 1150 eram,
368 1104 531 1158 peregi,
573 1103 620 1145 id
653 1102 773 1157 quod
805 1103 946 1157 prima
976 1090 1118 1158 parte,
1164 1116 1277 1156 quae
1311 1105 1408 1144 erat
1447 1101 1500 1143 de
1533 1115 1691 1156 genere
1721 1101 1873 1154 libelli,
1911 1115 2011 1156 pro-

188 1174 336 1217 babile
368 1175 506 1216 visum
532 1178 610 1226 est,
645 1173 951 1216 confirmatum
978 1178 1113 1228 atque
1141 1174 1304 1216 clarius
1328 1173 1551 1215 redditum
1578 1177 1661 1215 est:
1688 1188 1792 1215 nam
1817 1177 2011 1228 praeter-

190 1261 322 1300 quam
363 1246 482 1300 quod
521 1249 671 1300 partes
706 1245 904 1299 singulae
936 1245 1052 1287 inter
1078 1258 1124 1287 se
1156 1259 1246 1287 non
1279 1245 1520 1287 concinnae
1554 1244 1886 1299 conglutinatae
1917 1229 2012 1287 esse

189 1317 407 1370 videntur,
438 1331 558 1359 nunc
592 1316 883 1371 cogitationes
911 1330 1086 1370 quoque
1130 1321 1174 1358 et
1215 1319 1455 1370 praecepta
1497 1316 1622 1358 varia
1666 1319 1875 1370 congesta
1917 1329 2012 1358 esse

189 1388 524 1443 comprobatum
545 1392 624 1430 est.
652 1388 799 1443 Quare
826 1387 986 1430 iterum
1013 1386 1442 1429 commemorandum
1469 1390 1601 1441 atque
1641 1387 1843 1441 sequenti
1879 1401 2012 1442 quae-

191 1460 334 1512 stioni,
367 1473 480 1514 quae
508 1462 576 1501 est
603 1459 655 1500 de
677 1459 886 1511 fontibus,
917 1462 1146 1512 tamquam
1189 1458 1418 1500 iudicandi
1462 1472 1630 1509 norma,
1669 1461 1719 1500 ut
1757 1458 1821 1500 ita
1853 1458 2012 1510 dicam,
2067 1457 2072 1460 ’

189 1530 564 1585 praemittendum
585 1533 671 1572 est:
704 1529 1031 1572 Ps.—Plutarchi
1050 1528 1226 1571 libellus
1247 1543 1300 1570 ex
1321 1543 1408 1570 uno
1430 1528 1550 1571 fonte
1571 1529 1664 1571 solo
1687 1555 1744 1561 —
1766 1543 1894 1584 quem
1914 1529 2013 1572 dico

190 1601 418 1655 quodlibet
450 1615 558 1656 opus
604 1601 655 1642 de
696 1601 958 1643 educatione
1004 1600 1215 1654 scriptum
1248 1624 1302 1630 —-
1338 1599 1527 1642 derivari
1568 1599 1639 1642 vix
1683 1604 1830 1654 potest
1870 1613 2014 1655 neque

192 1686 303 1727 quae
334 1673 487 1715 insunt
517 1675 648 1714 unius
679 1672 991 1727 philosophiae
1025 1671 1227 1714 doctrina
1254 1671 1546 1713 continentur.
1579 1671 1723 1725 Atque
1750 1686 1803 1713 ea
1828 1678 1898 1713 res
1922 1685 2014 1713 ma·

191 1744 255 1798 gis
288 1745 421 1786 etiam
453 1743 680 1798 probatur,
715 1744 752 1785 si
785 1758 936 1786 eorum
968 1743 1196 1794 librorum,
1242 1743 1316 1797 qui
1362 1758 1387 1785 a
1419 1742 1645 1796 scriptore,
1684 1756 1783 1784 cum
1823 1742 1876 1785 de
1909 1742 2012 1784 edu-

190 1815 332 1858 cando
379 1819 539 1869 ageret,
583 1815 732 1858 fontes
777 1815 977 1857 adhiberi
1032 1817 1253 1869 poterant,
1297 1828 1406 1868 quos
1453 1814 1632 1868 quidem
1675 1828 1757 1856 nos
1799 1813 2013 1866 novimus,

191 1887 385 1929 indolem
410 1887 674 1942 indagamus
708 1891 839 1941 atque
867 1901 966 1928 cum
992 1886 1122 1928 huius
1155 1886 1382 1940 scriptoris
1409 1885 1638 1940 opusculo,
1673 1889 1891 1940 quatenus
1917 1884 2015 1927 fieri

190 1962 351 2013 potest,
384 1973 702 2012 comparamus.
736 1957 825 2000 Sed
858 1972 970 2012 quae
998 1962 1064 1999 est
1094 1961 1249 2000 nostra
1280 1958 1436 2000 horum
1463 1958 1725 2012 scriptorum
1749 1956 2014 2011 ignorantia,

190 2043 492 2084 quaecumque
527 2030 581 2071 de
615 2030 676 2071 eis
709 2029 879 2072 tradita
907 2030 1148 2084 accipimus
1175 2033 1252 2071 aut
1279 2029 1543 2071 coniecturis
1569 2028 1736 2083 fingere
1768 2042 2014 2083 possumus,

191 2101 446 2143 adhibenda
485 2104 598 2143 sunt.
631 2100 782 2154 Atque
822 2102 858 2142 si
892 2101 990 2154 quis
1034 2100 1175 2142 libelli
1222 2101 1408 2142 alicuius
1451 2104 1658 2142 naturam
1702 2103 2018 2155 perscrutatur,

188 2186 278 2214 non
310 2186 362 2213 ea
394 2172 501 2223 sola,
536 2186 648 2226 quae
681 2171 967 2225 proferuntur
1002 2186 1028 2213 a
1061 2173 1279 2226 scriptore
1313 2171 1577 2214 excutienda
1609 2174 1713 2213 sunt
1732 2170 1857 2212 —id
1891 2170 2010 2226 quod

192 2244 246 2285 de
277 2243 363 2285 hoc
407 2243 558 2285 libello
605 2242 746 2285 altera
789 2247 915 2297 parte
960 2243 1126 2285 factum
1170 2246 1236 2284 est
1268 2267 1325 2273 —-
1369 2242 1446 2284 sed
1491 2243 1636 2294 etiam,
1682 2255 1794 2296 quae
1841 2241 2015 2294 desunt,

191 2329 528 2368 nonnumquam
560 2329 650 2357 non
682 2315 866 2357 minoris
898 2314 1106 2356 momenti
1139 2318 1257 2356 sunt:
1303 2328 1401 2355 cum
1435 2313 1549 2355 enim
1594 2313 1648 2355 de
1693 2313 1890 2367 quolibet
1928 2313 2016 2355 alio

191 2386 320 2439 libro,
351 2401 455 2428 num
493 2386 595 2428 fons
634 2386 777 2438 fuerit,
824 2387 1090 2440 quaerimus,
1137 2400 1249 2440 quae
1292 2386 1337 2427 in
1381 2385 1457 2428 illo
1502 2385 1679 2427 inerant
1722 2385 1791 2426 vel
1834 2384 2017 2427 infuisse

193 2456 472 2511 comprobari
503 2461 663 2512 potest,
711 2456 877 2508 eadem,
909 2457 1145 2499 dummodo
1177 2471 1233 2499 ne
1266 2459 1355 2498 sint
1385 2470 1455 2498 res
1485 2469 1649 2511 parvae
1683 2459 1761 2498 aut
1791 2469 1856 2508 ea,
1904 2469 2017 2511 quae

192 2543 272 2570 cur
303 2529 464 2571 omissa
507 2528 574 2571 vel
619 2532 791 2571 mutata
833 2529 933 2582 sint,
979 2543 1116 2571 causa
1159 2528 1445 2583 intellegitur,
1499 2527 1638 2570 altero
1685 2541 1861 2583 quoque
1903 2526 2017 2570 libro

193 2600 398 2654 praeberi
431 2600 777 2654 exspectandum
811 2604 888 2642 est.

335 2670 432 2712 Iam
463 2671 509 2712 in
542 2675 683 2713 altera
718 2674 860 2725 parte,
897 2670 973 2713 ubi
1007 2672 1077 2712 cui
1109 2671 1418 2726 philosophiae
1461 2684 1531 2712 res
1577 2668 1776 2724 singulae
1807 2668 2017 2712 facillime

194 2741 378 2783 attribui
403 2746 599 2796 possent,
628 2742 937 2796 quaerebatur,
972 2743 1172 2796 quaestio
1205 2756 1284 2796 per
1315 2755 1361 2783 se
1393 2741 1525 2783 latior
1562 2741 1608 2782 in
1648 2741 1879 2795 angustius
1910 2754 2016 2795 pau-

194 2812 320 2854 latim
350 2813 556 2855 restricta
588 2817 670 2855 est:
703 2817 851 2855 utrum
878 2811 1030 2855 Stoica
1063 2828 1119 2855 an
1146 2812 1447 2868 Peripatetica
1479 2812 1578 2864 sint,
1606 2825 1720 2866 quae
1746 2811 2017 2855 Ps.-Plutar-

194 2884 302 2925 chus
325 2876 526 2936 exhibet,
555 2888 599 2926 et
630 2885 668 2925 si
702 2883 868 2935 Stoica,
898 2888 1046 2926 utrum
1079 2884 1237 2926 veteris
1277 2898 1334 2926 an
1371 2883 1631 2925 recentioris
1679 2882 1828 2925 Stoae.
1887 2882 2018 2926 Nunc

194 2955 405 3009 quoniam
433 2955 606 3010 singula
634 2969 834 3010 quaeque
862 2959 939 2997 aut
969 2955 1038 2998 his
1065 2960 1141 2998 aut
1166 2955 1254 2997 illis
1281 2958 1359 2997 aut
1391 2954 1607 2997 ambobus
1635 2953 1874 2996 distributa
1905 2957 2021 3004 sunt,

195 3025 409 3067 nonnulla
441 3040 523 3079 pro
551 3030 683 3074 certo,
719 3026 807 3068 alia
833 3026 983 3082 aliqua
1011 3041 1109 3068 cum
1135 3026 1463 3081 probabilitate,
1496 3026 1550 3068 de
1581 3026 1809 3080 utriusque
1842 3024 2018 3068 scholae

195 3094 473 3150 philosophis
520 3098 720 3150 quaestio
767 3101 846 3149 est,
897 3112 986 3140 non
1029 3097 1199 3140 scilicet
1235 3123 1288 3128 —
1322 3098 1374 3149 si,
1419 3111 1532 3151 quae
1578 3096 1722 3139 adhuc
1767 3099 2017 3148 evenerunt,
