2138 3438
953 130 1248 172 -62-

194 273 253 327 μὴ
286 273 390 326 μεθ’
420 273 588 327 ὕβρεως
618 272 872 320 κολάζοντας
902 273 1033 327 ὀργὴν
1057 274 1255 326 ἐμποιεῖν.
1288 272 1517 330 Honorem
1547 274 1682 328 igitur
1712 288 1765 316 ao
1796 274 2009 328 pudorem

191 356 427 397 puerorum
447 342 580 384 etiam
597 341 672 384 ille
691 343 882 397 respicit.
904 342 992 385 Sed
1014 343 1115 385 talis
1135 342 1282 385 laudis
1303 344 1552 387 aestimatio
1578 346 1672 387 sine
1699 345 1833 388 dubio
1858 345 2008 400 vulga-

191 414 281 455 rior
325 417 421 455 erat
462 414 654 467 itemque
697 413 845 456 laudis
890 418 933 455 et
977 414 1226 468 castigandi
1268 415 1314 456 in
1363 415 1590 458 educando
1623 417 1689 459 vis
1721 431 1747 458 a
1786 416 2008 472 plerisque

193 488 311 527 certo
355 483 706 539 intellegebatur.
769 484 917 539 Quare
968 485 1291 539 Peripateticos
1339 500 1514 541 quoque
1564 488 1800 542 scriptores
1848 488 2009 530 similia

190 556 402 610 praebere
444 571 534 598 non
576 556 760 598 multum
806 556 958 609 refert3
1004 560 1150 598 tamen
1185 556 1304 611 apud
1341 557 1441 600 illos
1473 557 1618 600 laudis
1649 563 1929 607 momentum,
1959 563 2009 601 ut

188 628 253 669 ita
286 627 443 679 dicam,
476 628 647 669 ratione
672 627 980 681 philosophiae
1007 626 1314 670 confirmatur:
1354 627 1475 672 Stob.
1500 629 1594 671 Ecl.
1619 630 1670 671 II
1693 645 1734 685 p.
1763 632 1861 683 122,
1895 630 2008 672 2W.

191 702 298 742 ὥστε
329 702 399 741 καὶ
429 702 499 741 τὸν
530 701 701 741 ἔπαινον
733 700 834 741 εἶναι
867 700 924 741 δι’
955 700 1082 741 αὑτὸν
1127 700 1300 752 αἱρετόν.
1344 701 1602 743 οἰκειοῦσθαι
1644 702 1722 756 γὰρ
1754 704 1867 757 ἡμᾶς
1895 702 2009 757 πρὸς

189 772 287 817 τοὺς
323 773 603 824 ἐπαινοῦντας,
645 771 751 811 item
795 772 975 824 εὐδοξία,
1022 784 1134 824 quae
1180 774 1246 812 est
1291 772 1315 813 ὁ
1339 772 1455 825 παρὰ
1500 777 1585 814 τῶν
1627 773 1797 815 πολλῶν
1827 775 2008 821 ἔπαινος.

190 841 514 895 comparentur
558 840 716 883 deinde
762 841 1058 896 Theophrasti
1102 841 1188 883 duo
1233 841 1340 884 loci:
1383 841 1499 884 Plut.
1542 841 1655 897 Agis
1689 857 1725 885 c.
1753 845 1779 884 2
1823 843 1894 901 (fr.
1923 845 2007 886 143

190 913 341 964 Wim.)
375 914 457 967 νέῳ
489 914 545 954 ἔτι
575 914 661 955 ὄντι
698 914 769 954 καὶ
801 914 1005 968 φιλοτίμῳ
1037 914 1183 955 δοτέον
1222 914 1305 956 ἀπὸ
1336 918 1423 955 τῶν
1461 916 1604 956 καλῶν
1634 916 1772 970 ἔργων
1801 915 1872 957 καὶ
1903 915 2006 970 δόξῃ

189 1002 223 1025 τι
249 984 587 1032 καλλωπίζεσθαι
618 985 688 1025 καὶ
717 986 945 1039 κομπάσαι.
977 985 1185 1038 φυόμεναι
1219 985 1298 1039 γὰρ
1329 986 1374 1027 ἐν
1404 990 1487 1031 τοῖς
1518 986 1771 1040 τηλικούτοις
1801 988 1844 1028 αἱ
1869 988 2010 1040 ἀρεταὶ

189 1055 260 1096 καὶ
291 1055 593 1110 βλαστάνουσαι
616 1056 661 1096 τό
687 1072 728 1097 τε
759 1056 1120 1110 κατορθούμενον,
1153 1057 1215 1102 ὥς
1244 1072 1346 1110 φησι
1371 1055 1650 1111 Θεόφραστος,
1680 1059 2010 1112 ἐπιβεβαιοῦνται

190 1132 275 1172 τοῖς
305 1128 487 1171 ἐπαίνοις
519 1126 589 1167 καὶ
619 1126 665 1167 τὸ
711 1126 857 1169 λοιπὸν
888 1128 1083 1174 αὔξονται
1115 1127 1216 1180 μετὰ
1265 1129 1538 1182 φρονήματος
1568 1129 1853 1180 ἐπαιρόμεναι·
1885 1129 1931 1170 τὸ
1962 1128 2009 1170 δὲ

190 1199 296 1252 ἄγαν
339 1202 553 1252 πανταχοῦ
583 1229 591 1238 .
621 1231 628 1238 .
657 1230 665 1239 .
712 1198 933 1253 ἐπισφαλές
977 1215 1015 1239 κ.
1046 1216 1077 1240 τ.
1110 1200 1142 1241 λ.
1187 1201 1230 1240 et
1275 1212 1342 1252 ap.
1385 1197 1509 1240 Stob.
1539 1198 1634 1240 Ecl.
1666 1198 1734 1243 IV
1773 1214 1814 1253 p.
1847 1201 1918 1251 23,
1953 1200 2007 1241 18

194 1269 242 1310 Θ.
273 1270 502 1323 ἐρωτηθεὶς
524 1270 607 1310 ὑπό
631 1285 751 1317 τινος,
787 1271 821 1310 τί
842 1271 1001 1324 συνέχει
1019 1271 1089 1311 τὸν
1108 1274 1194 1312 τῶν
1232 1271 1482 1323 ἀνθρώπων
1500 1272 1606 1326 βίον,
1637 1273 1737 1325 ἔφη·
1774 1273 2008 1326 ,,εὐεργεσία

188 1342 257 1382 καὶ
299 1342 393 1395 τιμὴ
439 1343 508 1382 καὶ
545 1341 761 1396 τιμωρία.“
821 1340 980 1382 Nonne
1025 1339 1393 1382 Ps.-Plutarchus
1430 1340 1562 1395 plane
1608 1341 1837 1394 consentit,
1883 1342 2007 1385 cuius

189 1411 409 1453 sententia
440 1410 515 1467 (12
532 1411 586 1465 O)
617 1413 711 1466 τιμή
745 1415 788 1453 et
817 1414 996 1466 τιμωρία
1028 1412 1264 1453 maximam
1297 1414 1381 1466 vim
1406 1411 1628 1454 habeant?
1663 1411 1788 1467 Quae
1821 1427 1919 1455 cum
1943 1413 2007 1455 ita

188 1483 287 1535 sint,
331 1482 567 1536 Chrysippi
610 1481 744 1524 verba
789 1496 856 1536 ap.
903 1481 1029 1525 Alex,
1075 1482 1276 1536 Aphrod‚
1320 1483 1374 1524 de
1418 1482 1509 1525 fato
1555 1498 1589 1525 c.
1628 1485 1682 1525 27
1727 1499 1768 1538 p.
1807 1485 1881 1526 88:
1927 1483 2038 1528 σῦκ’

186 1556 384 1608 ἄχρηστοι
428 1554 529 1596 οὐδὲ
570 1556 705 1608 μάτην
749 1556 843 1596 οὔτε
875 1556 915 1596 οἳ
958 1556 1121 1597 ἔπαινοι
1154 1556 1248 1596 οὔτε
1281 1556 1321 1596 οῖ
1353 1555 1482 1610 ψόγοι
1524 1557 1618 1597 οὔτε
1649 1557 1691 1597 αῖ
1721 1556 1828 1609 πρὸς
1858 1556 2006 1611 βελτίω

188 1627 429 1678 προτροπαί
456 1642 494 1666 κ.
518 1642 548 1666 τ.
581 1626 614 1667 λ.
647 1625 736 1666 iam
774 1639 864 1666 non
894 1624 1079 1667 multum
1111 1625 1280 1677 valent;
1319 1639 1472 1667 revera
1504 1626 1618 1667 enim
1648 1626 1824 1680 laudem
1856 1629 1900 1668 et
1929 1625 2007 1668 ho-

185 1696 351 1737 minum
384 1696 747 1749 aestimationem,
779 1710 893 1750 quae
927 1700 1022 1738 erat
1048 1696 1140 1738 eius
1175 1696 1458 1751 philosophia
1489 1697 1682 1749 moralis,
1713 1701 1763 1739 ut
1793 1697 1884 1739 alio
1906 1696 2006 1740 loco

187 1781 321 1821 supra
354 1766 702 1809 demonstratum
735 1771 814 1815 est,
845 1782 899 1809 ne
932 1768 1102 1809 minimi
1130 1768 1308 1821 quidem
1332 1768 1451 1811 fecit.
1483 1767 1651 1810 Contra
1675 1768 1845 1811 mediae
1872 1767 2007 1811 Stoae

185 1842 252 1880 est
283 1839 398 1880 idem
443 1852 621 1881 censere
661 1839 780 1893 quod
824 1838 1125 1893 Peripatetici,
1167 1842 1218 1881 ut
1263 1839 1416 1882 Cicero
1448 1840 1517 1882 De
1554 1839 1626 1881 fin.
1658 1840 1733 1882 III
1765 1842 1818 1882 57
1852 1840 2006 1882 tradit:

187 1924 272 1952 esse
297 1910 490 1952 hominis
514 1911 701 1965 inyemti
723 1915 763 1953 et
789 1911 1025 1952 liberaliter
1056 1911 1227 1953 edueati
1250 1911 1352 1953 velle
1383 1912 1484 1953 bene
1509 1912 1664 1954 audire
1689 1926 1716 1953 a
1733 1913 2010 1967 parentibus,

186 1996 212 2023 ιι
254 1982 532 2036 propinquis,
575 1996 603 2023 α
645 1982 770 2023 bonis
811 1983 938 2024 etiam
981 1983 1101 2025 viris.
1149 1981 1246 2036 Quo
1292 1982 1389 2024 loco
1435 1981 1698 2037 differentia,
1741 1997 1854 2037 quae
1891 1983 2008 2026 inter

187 2051 479 2106 Chrysippum
535 2056 578 2093 et
639 2056 839 2106 posteros
891 2051 1065 2095 Stoicos
1128 2053 1388 2107 intercessit,
1448 2053 1707 2096 illustratur.
1757 2053 2006 2097 Audiamus

187 2122 344 2164 deinde
390 2122 584 2165 Senecae
628 2123 762 2165 verba
807 2137 829 2165 e
874 2124 1105 2166 Posidonii
1145 2125 1364 2167 sententia
1403 2125 1566 2167 hausta
1595 2125 1666 2167 De
1697 2125 1765 2168 ira
1796 2125 1845 2167 II
1876 2127 1945 2177 21,
1977 2127 2002 2168 5

184 2195 384 2248 quotiens
415 2195 686 2249 superaverit
717 2198 758 2236 et
787 2196 973 2249 diymtm
997 2196 1172 2250 aliquid
1197 2196 1326 2237 laude
1351 2197 1513 2250 feeerit,
1543 2197 1708 2251 adtolli,
1737 2211 1829 2239 non
1849 2197 2005 2252 yestire

178 2266 410 2320 patiamur
438 2300 444 2308 .
475 2300 482 2308 .
519 2266 854 2307 exsultationem
886 2269 1033 2308 tumor
1058 2271 1097 2308 et
1133 2267 1276 2308 nimia
1305 2268 1545 2309 aestimatio
1570 2268 1646 2309 sui
1668 2269 1887 2323 sequitur.
1904 2282 2003 2310 cum

183 2336 391 2378 Ps.-Plut.
425 2337 489 2378 δεῖ
517 2337 562 2378 δὲ
594 2337 745 2383 αὐτοὺς
775 2337 886 2392 μηδὲ
910 2342 995 2383 τοῖς
1022 2339 1250 2392 ἐγκωμίοις
1274 2340 1456 2391 ἐπαίρειν
1481 2340 1552 2380 καὶ
1576 2344 1731 2393 φυσᾶν·
1755 2345 2002 2393 χαυνοῦνται

184 2409 262 2463 γὰρ
295 2413 380 2454 ταῖς
411 2409 666 2462 ὑπερβολαῖς
701 2413 785 2450 τῶν
816 2410 1000 2450 ἐπαίνων
1032 2410 1101 2451 καὶ
1136 2410 1402 2462 θρύπτονται.
1434 2408 1676 2450 Addantur
1707 2409 2002 2464 Theophrasti

182 2478 330 2530 verba,
382 2492 495 2532 quae
546 2493 678 2533 supra
729 2479 928 2521 laudavi:
987 2482 1182 2528 αὔξονται
1237 2481 1340 2535 μετὰ
1394 2482 1667 2535 φρονήματος
1721 2482 2000 2537 ἐπαιρόμενοι.

183 2550 437 2601 Praeterea:
460 2549 630 2592 Seneca
649 2551 712 2592 ste
730 2551 876 2605 itaque
904 2551 1018 2593 mter
1042 2555 1278 2606 utrumque
1296 2553 1507 2606 reyendus
1533 2556 1605 2605 est,
1637 2556 1686 2594 ut
1711 2554 1834 2594 modo
1858 2553 2000 2608 frenis

186 2624 368 2662 totamm·
398 2622 518 2663 modo
549 2622 743 2663 stimulis
774 2647 831 2651 ——
864 2621 1080 2663 Ps.-Plut.
1115 2624 1180 2666 δεῖ
1207 2623 1253 2665 δὲ
1285 2624 1458 2671 ἐναλλὰξ
1488 2625 1558 2665 καὶ
1587 2625 1789 2670 ποικίλως
1817 2626 2002 2679 χρῆσθαι

182 2698 268 2739 ταῖς
308 2692 544 2746 ἐπιπλήξεσι
574 2693 643 2735 καὶ
676 2699 760 2739 τοῖς
798 2695 982 2741 ἐπαίνοις
994 2694 1040 2747 1).
1079 2692 1232 2748 Atque
1263 2693 1420 2736 iterum
1453 2693 1641 2748 denique
1675 2693 1998 2749 Quintilianum

182 2762 229 2803 in
273 2775 531 2804 consensum
575 2777 731 2805 vocare
776 2763 893 2815 licet,
946 2765 1021 2818 qui
1066 2764 1363 2819 compluribus
1412 2764 1522 2806 locis
1573 2764 1626 2806 de
1678 2765 1998 2818 aemulationis,

184 2832 448 2884 ambitionis,
491 2833 636 2875 laudis
673 2839 897 2876 momento
938 2836 1114 2889 copiose
1147 2835 1334 2889 disserit,
1377 2839 1426 2877 ut
1458 2836 1565 2878 Inst.
1598 2850 1658 2878 or.
1692 2837 1715 2878 Ι
1748 2839 1788 2889 2,
1824 2838 1992 2879 16--31

328 2951 356 2994 ¹)
375 2950 544 2985 Eandem
582 2951 881 2986 mediocritatem
921 2953 1083 2998 scriptor
1120 2954 1303 2998 respicere
1339 2953 1487 2988 videtur
1511 2955 1531 2988 9
1547 2954 1578 2988 B
1610 2952 1681 3000 ἤδη
1707 2952 1754 2989 δέ
1777 2965 1888 2999 τινας
1911 2954 1995 3000 ἐγὼ

183 3007 291 3044 εἶδον
316 3010 506 3055 πατέρας,
531 3008 591 3055 οἷς
615 3010 660 3046 τὸ
685 3012 775 3046 λίαν
806 3013 938 3057 φιλεῖν
961 3018 1032 3047 τοῦ
1053 3013 1105 3058 μὴ
1133 3014 1265 3058 φιλεῖν
1291 3014 1414 3049 αἴτιον
1444 3013 1609 3059 κατέστη
1617 3025 1630 3055 ,·
1663 3014 1725 3057 qui
1750 3013 1854 3048 locus
1879 3013 1995 3048 simil-

183 3066 292 3100 limus
320 3070 376 3102 est
402 3068 649 3113 Theophrasti
688 3069 810 3104 verbis
837 3071 935 3115 aqud
961 3071 1062 3106 Plut.
1090 3071 1184 3107 Cato
1210 3072 1299 3107 min.
1332 3073 1400 3109 777
1426 3071 1642 3108 κινδυνεύει
1666 3072 1712 3107 τὸ
1736 3073 1825 3108 λίαν
1849 3072 1993 3118 φιλεῖν,

183 3125 241 3170 ὥς
266 3134 361 3171 φησι
389 3126 440 3170 Θ.,
467 3128 589 3163 αἴτιον
614 3134 683 3163 τοῦ
708 3128 757 3173 ιιὴ
783 3130 915 3174 φιλεῖν
939 3131 1127 3175 γίνεσθαι.
