2138 3438
948 126 1240 168 -70—

182 271 277 308 tum
311 271 377 308 est
408 267 457 308 in‘
487 266 703 309 eiusmodi
737 266 866 308 dictis
898 266 1126 309 tradendis
1160 270 1291 320 atque
1323 266 1595 320 explicandis
1630 267 1848 322 imprimis
1879 268 2002 310 Peri-

185 338 402 391 pateticos
436 352 615 392 operam
647 351 833 380 navasse
845 339 888 393 ¹).
922 336 1011 380 Sed
1042 337 1148 379 item
1187 351 1238 379 ac
1271 338 1448 392 saepius
1491 343 1666 392 praeter
1695 338 1796 381 illos
1829 338 1884 382 de
1914 353 2001 382 me-

185 408 258 450 dia
291 423 467 464 quoque
501 408 611 452 Stoa
641 423 711 451 res
743 408 872 452 valet.
907 408 1059 463 Atque
1095 409 1253 450 iterum
1298 413 1347 451 ut
1378 409 1607 452 Posidonii
1648 410 1696 452 in
1740 425 1792 452 ea
1831 424 1878 453 re
1910 410 2003 466 opi-

182 481 358 523 nionem
388 482 532 536 ipsam
562 481 835 534 indagemus,
880 480 1108 534 contingit.
1155 479 1294 535 Quem
1326 480 1604 535 Pythagorae
1636 481 1824 523 maxime
1863 481 2000 525 studi-

184 566 307 593 osum
351 551 486 594 fuisse
523 551 652 594 facile
697 551 1010 605 comprobatur
1053 550 1232 606 (Galen.
1285 551 1337 593 de
1370 551 1507 607 Hipp.
1563 556 1616 594 et.
1667 552 1734 594 Pl.
1767 552 1808 595 d.
1838 568 1880 607 p.
1915 554 2003 597 478

181 622 253 674 K.‚
293 624 406 678 425).
450 623 828 678 Pythagoreorum
873 623 1039 676 scripta
1082 637 1181 664 eum
1223 623 1466 665 excussisse
1506 622 1704 666 Galenus
1744 624 1883 666 tradit
1913 623 1941 666 l.
1971 624 2001 667 1.

182 708 220 748 p.
253 695 357 737 478:
389 694 680 740 Ποσειδώνιος
711 695 854 736 δὲκαὶ
885 694 1153 748 Πυθαγόραν
1179 695 1316 749 φησίν,
1349 696 1478 737 αὐτοῦ
1514 695 1593 749 μὲν
1629 699 1702 738 τοῦ
1735 696 2002 751 Πυθαγόρου

180 768 507 820 συγγράμματος
545 765 719 812 οὐδενὸς
761 768 818 812 εἷς
861 767 972 820 ἡμᾶς
1017 766 1355 820 διασῳζομένου,
1393 767 1722 822 τεκμαιρόμενος
1765 767 1804 808 δ’
1850 768 1895 815 ἒξ
1937 766 2003 810 ὧν

181 838 280 879 ἔνιοι
311 841 397 878 τῶν
429 837 638 891 μαθητῶν
670 839 798 879 αὐτοῦ
825 838 1089 892 γεγράφασιν.
1123 835 1212 879 Sed
1238 850 1336 878 eum
1361 851 1451 878 non
1478 836 1618 879 solum
1648 837 1695 879 in
1721 837 2002 892 Pythagorae

179 907 355 961 placitis
382 907 700 962 cognoscendis
727 922 904 962 operam
931 907 1118 960 dedisse,
1151 921 1301 949 verum
1327 909 1460 950 etiam
1483 908 1630 962 ipsum
1660 909 1706 950 in
1738 908 2000 951 educatione

110 980 115 987 '
179 983 416 1033 praecepta
441 978 836 1033 Pythagoricorum
862 981 1128 1035 αἰνιγμάτων,
1174 993 1286 1033 quae
1329 978 1636 1034 philosophiae
1673 979 1851 1022 moralis
1882 980 2002 1035 parti

178 1050 486 1104 praeceptivae
507 1050 788 1104 respondent,
815 1064 935 1092 more
963 1050 1207 1104 composita
1228 1050 1504 1092 adamavisse
1532 1050 1823 1094 demonstrari
1841 1054 2001 1106 potest.

180 1120 349 1163 Seneca
375 1121 491 1163 enim
516 1121 599 1175 Ep.
620 1123 690 1174 94,
713 1122 767 1164 38
789 1122 996 1166 dissentio
1016 1122 1161 1176 inquit
1179 1136 1206 1163 a
1226 1122 1473 1176 Posidonio,
1492 1122 1572 1177 qui
1585 1136 1667 1177 pro
1687 1137 1746 1177 eo,
1765 1124 1882 1178 quod
1899 1123 2000 1165 Pla-

180 1193 294 1234 tonis
320 1192 482 1246 leyz'bus
506 1193 672 1235 adiecta
690 1193 921 1247 principia
944 1196 1064 1247 sunt,
1093 1195 1292 1248 «leyem»,
1309 1194 1472 1248 inquit,
1498 1194 1685 1235 «brevem
1709 1208 1796 1236 esse
1821 1197 1998 1249 oportet,

178 1278 262 1318 quo
294 1264 476 1319 facilius
508 1264 561 1306 ab
592 1265 811 1319 imperitis
849 1267 1058 1318 teneatur,
1094 1266 1213 1306 velut
1247 1265 1406 1307 emissa
1443 1265 1658 1307 divinitus
1688 1279 1771 1307 vooe
1806 1265 1889 1307 sit:
1928 1266 1997 1307 iu·

178 1335 283 1389 beat,
313 1349 404 1377 non
435 1336 636 1390 disputet.
668 1335 783 1376 m'hz'l
813 1335 981 1377 videtur
1007 1335 1122 1377 mihi
1151 1336 1375 1390 frtyz'dius,
1405 1335 1524 1378 nihil
1549 1337 1743 1391 ineptius
1767 1350 1901 1389 quam
1933 1337 2000 1379 lem

140 1462 142 1464 v
170 1406 500 1460 proloqumene:
530 1407 611 1460 die,
641 1407 750 1461 quid
779 1420 846 1448 me
889 1407 995 1448 velis
1038 1407 1196 1461 fecisse,
1238 1421 1329 1450 non
1372 1407 1501 1461 disco,
1543 1408 1616 1449 sed
1652 1421 1829 1462 pareo».
1873 1407 1999 1450 Inter

176 1476 256 1518 has
289 1477 520 1520 Posidonii
562 1478 681 1531 leges
727 1481 770 1519 et
814 1477 1066 1531 aenigmata
1108 1477 1186 1519 illa
1231 1491 1444 1529 summam
1489 1477 1821 1520 similitudinem
1863 1478 1994 1520 inter-

178 1548 331 1590 cedere
362 1548 506 1590 verbis
540 1549 807 1603 comparatis
839 1548 1069 1603 probetur:
1096 1548 1367 1591 Iamblichus
1399 1548 1426 1591 1.
1458 1549 1486 1591 l.
1521 1550 1575 1591 82
1606 1582 1614 1591 .
1643 1581 1652 1591 .
1685 1551 1933 1604 ἀκούσματα
1952 1581 1962 1591 .
1986 1584 1995 1592 .

178 1622 247 1662 καὶ
277 1621 414 1674 τᾶλλα,
448 1621 525 1662 ὅσα
557 1622 653 1674 παρ’
689 1622 847 1663 ἐκείνου
880 1622 1059 1676 ἐρρήθη,
1089 1626 1214 1663 ταῦτα
1251 1626 1475 1675 πειρῶνται
1508 1622 1790 1676 διαφυλάττειν
1814 1622 1877 1668 ὡς
1901 1622 1997 1664 θεῖα

176 1692 363 1746 δόγματα
377 1691 664 1733 Posidonius:
694 1718 744 1723 —
764 1693 880 1734 velut
894 1693 1052 1734 emissa
1066 1693 1283 1735 divinitus
1307 1707 1388 1735 vox
1400 1693 1471 1735 sit.
1495 1692 1666 1747 Quibus
1687 1707 1738 1735 ea
1757 1697 1998 1748 praecepta

174 1761 524 1814 destinabantur,
559 1763 748 1818 quinon
781 1777 803 1804 e
830 1762 982 1805 schola
1015 1767 1152 1817 erant,
1185 1763 1263 1805 sed
1289 1767 1414 1806 extra
1440 1764 1661 1818 degentes,
1693 1767 2000 1821 ἀκουσματικοί

176 1833 528 1887 appellabantur,
559 1834 792 1876 Posidonii
821 1835 1041 1890 imperitis
1072 1834 1354 1889 respondent.
1386 1835 1479 1877 Eas
1512 1835 1742 1890 opiniones
1788 1835 1844 1877 ad
1889 1835 1994 1878 edu-

176 1905 395 1947 cationem
427 1920 601 1960 quoque
632 1906 851 1960 pertinere
884 1920 937 1947 ex
968 1906 1203 1948 Iamblichi
1241 1907 1490 1961 praeceptis
1535 1906 1837 1959 concludatur,
1880 1921 1994 1961 quae

175 1975 229 2017 de
262 1976 492 2019 educando
524 1976 694 2031 profert
717 1978 765 2019 in
798 1992 863 2032 ep.
899 1978 956 2019 ad
989 1976 1164 2033 Sopatr.
1198 1978 1304 2020 data
1350 1993 1417 2032 ap.
1451 1976 1571 2020 Stob.
1610 1978 1705 2020 Ecl.
1738 1978 1788 2020 II
1818 1994 1859 2033 p.
1891 1979 1992 2031 234,

176 2049 233 2090 24
249 2048 338 2089 W.:
373 2049 475 2103 μετὰ
507 2049 554 2091 δὲ
579 2053 704 2091 ταῦτα
735 2051 1032 2104 προστάγματά
1063 2067 1149 2092 τινα
1180 2051 1466 2105 νουθετητικά,
1503 2051 1634 2104 μικρὰ
1671 2050 1750 2105 μὲν
1781 2052 1880 2092 ὄντα
1911 2056 1997 2098 τοῖς

174 2121 343 2175 ῥήμασι,
375 2121 559 2175 μεγάλην
586 2120 633 2161 δέ
656 2137 742 2162 τινα
769 2121 951 2175 δύναμιν
976 2127 1059 2167 τοῖς
1089 2122 1342 2176 τηλικούτοις
1367 2122 1648 2176 παρεχόμενα,
1681 2122 1772 2164 οἷον
1795 2122 1842 2164 τὸ
1877 2122 1991 2173 „deff

174 2193 246 2233 καί
273 2207 373 2234 ποτε
409 2192 486 2243 ,,οὗ
520 2192 606 2234 ὃεῑ“
640 2193 711 2234 καὶ
735 2192 781 2233 τὸ
818 2224 835 2242 „
842 2194 965 2246 μέχρι
990 2193 1150 2234 πόσουα
1181 2205 1218 2233 κ.
1243 2210 1273 2234 τ.
1300 2194 1334 2234 λ.
1359 2223 1369 2233 .
1396 2223 1405 2232 .
1430 2194 1685 2248 συμμετρίαν
1709 2194 1848 2238 αὐτοῖς
1871 2195 1994 2247 ἒναρ·

172 2263 291 2316 μόζει
321 2263 394 2317 τὴν
427 2263 536 2317 πρὸς
575 2263 789 2316 ἀλλότριον
832 2263 959 2316 λόγον
1002 2265 1342 2318 συνταττομένην,
1397 2264 1488 2306 οἷον
1529 2268 1603 2305 τοῦ
1646 2265 1886 2318 νομοθέτου
1923 2265 1995 2307 καὶ

174 2333 483 2388 ὃιὸασκάλουῗ).
516 2334 764 2388 Praecepta
795 2334 931 2388 igitur
961 2333 1163 2388 magistri
1207 2338 1250 2375 et
1292 2333 1411 2387 leges
1452 2333 1499 2375 id
1543 2348 1772 2376 commune
1815 2333 1993 2387 habent,

172 2408 222 2446 ut
251 2403 454 2456 breviter,
489 2405 582 2447 sine
616 2419 851 2447 causarum
884 2405 1177 2459 explicatione
1212 2419 1263 2446 ac
1293 2406 1357 2446 rei
1403 2404 1765 2459 comprobatione
1809 2405 1994 2447 iubeant

174 2480 250 2517 aut
282 2479 439 2518 vetent.
469 2476 762 2518 Posidonium
790 2477 978 2531 denique
1000 2490 1138 2531 aeque
1166 2480 1298 2531 atque
1317 2476 1611 2518 Iamblichum
1632 2476 1690 2518 ad
1710 2476 1990 2518 educandum

172 2551 410 2601 praecepta
440 2547 593 2589 brevia
626 2547 956 2590 commendasse
989 2561 1012 2589 e
1044 2549 1190 2602 partis
1216 2548 1523 2602 praeceptivae
1548 2548 1827 2600 tractatione,
1859 2561 1991 2601 quam

317 2700 342 2743 1)
369 2701 426 2736 Of.
453 2702 599 2746 Rohde,
626 2692 729 2737 liber
755 2703 790 2739 d.
818 2702 976 2748 Quellen
1001 2702 1037 2738 d.
1067 2702 1094 2738 J
1097 2702 1314 2747 amblichus,
1341 2701 1439 2736 Mus.
1478 2701 1600 2737 Rhen.
1626 2701 1791 2746 XLVII,
1829 2701 1889 2746 26,
1927 2702 1990 2746 qui

171 2759 467 2796 Ps.-Aristotelis
500 2762 637 2796 librum
675 2764 767 2808 περὶ
805 2768 886 2798 τῶν
924 2763 1206 2809 Πυθαγορείων
1244 2762 1406 2798 adhibet.
1453 2761 1662 2806 Scriptores
1701 2763 1991 2806 composuerunt

171 2818 341 2854 Rohdius
367 2821 393 2854 1.
418 2821 442 2856 1.
462 2823 498 2855 et
524 2821 694 2863 Dielsius,
722 2821 871 2866 Fragm.
900 2821 935 2856 d.
961 2821 1143 2857 Vorsokr.
1167 2821 1214 2856 12
1238 2834 1274 2866 p.
1301 2821 1382 2856 281.
1409 2820 1449 2856 si
1475 2819 1750 2855 Ps.-Plutarchi
1777 2820 1992 2865 aenigmata

173 2889 256 2912 cum
283 2880 414 2914 ceteris
441 2891 710 2924 comparamus,
748 2892 823 2915 non
851 2880 977 2914 omnia
1014 2880 1144 2915 eodem
1181 2880 1295 2915 modo
1333 2880 1499 2915 enarrari
1537 2880 1802 2924 explicarique,
1842 2879 1906 2914 sed
1943 2889 1990 2913 ex

170 2941 277 2981 parte
301 2950 400 2973 nova
424 2939 594 2983 praeberi
620 2942 791 2984 apparet:
819 2951 892 2984 qua
916 2951 955 2974 re
981 2951 1065 2975 eum
1091 2940 1242 2985 proprio
1269 2939 1431 2984 quodam
1459 2950 1503 2974 ac
1527 2941 1652 2974 vetere
1683 2938 1789 2974 fonte
1813 2939 1870 2974 uti
1893 2940 1990 2974 veri-

172 2997 293 3031 simile
319 2997 371 3031 fit.

314 3068 343 3111 2)
370 3068 425 3104 Of.
451 3068 645 3104 Plutarchi
673 3071 726 3105 De
753 3070 838 3107 aud.
865 3074 962 3115 poet.
990 3071 1035 3106 28
1062 3071 1103 3105 Β.
1129 3077 1213 3116 τοῖς
1246 3070 1292 3107 δὲ
1327 3077 1508 3117 ποιηταῖς
1533 3072 1580 3106 οὐ
1616 3070 1805 3106 πειστέον
1849 3070 1990 3116 ὥσπερ

170 3126 444 3173 παιδαγωγοῖς
468 3130 490 3173 ἢ
517 3130 769 3174 νομοθέταις,
795 3132 844 3165 ἂν
866 3130 920 3176 μὴ
944 3130 1071 3176 λόγον
1097 3130 1164 3176 ἔχῃ
1191 3130 1236 3166 τὸ
1262 3132 1538 3175 ὑποκείμενον.
