2138 3438
937 103 1234 144 -71-

177 238 362 292 Seneca,
394 244 445 282 ut
474 254 609 296 supra
640 241 781 284 visum
812 246 891 295 est,
921 241 1047 284 illum
1071 243 1308 298 praecipue
1341 247 1533 296 secutus,
1559 244 1761 299 epistulis
1789 246 1845 288 94
1870 250 1915 288 et
1938 247 1994 289 95

175 310 371 366 praebet,
398 311 603 354 concludi
628 316 797 367 potest:
826 327 890 368 ep.
911 315 981 365 94,
1004 315 1060 356 43
1080 314 1181 369 quis
1204 319 1351 357 autem
1376 315 1546 370 negabit
1574 316 1709 371 feriri
1731 317 1995 371 quibusdam

167 383 414 438 praeceptis
461 383 699 439 efficaciter
745 385 877 427 etiam
928 385 1303 440 imperitissimos?
1340 418 1349 427 .
1377 417 1386 427 .
1415 386 1512 441 (47)
1554 401 1666 441 pars
1709 388 1890 430 virtutis
1932 388 1995 430 di-

172 453 363 508 sciplina
382 458 562 508 constat,
580 469 691 510 pars
710 456 1014 498 exercitatione
1039 491 1047 499 .
1068 488 1078 498 .
1097 458 1193 510 (50)
1219 456 1579 499 imbecillioribus
1604 458 1779 512 quidem
1804 459 1997 514 ingeniis

172 526 464 567 necessarium
495 529 556 568 est
586 527 778 581 aliquem
803 527 1002 582 praeire:
1037 528 1139 569 «hoe
1169 527 1341 581 vitabis,
1371 528 1449 570 boc
1478 528 1639 583 facies»
1669 562 1678 570 .
1706 561 1715 570 .
1743 563 1752 571 .
1781 529 1875 586 (51)
1906 531 1998 585 reyi

171 609 271 651 erqo
295 596 427 650 debet,
456 597 563 638 dum
594 598 753 652 incipit
779 612 905 653 posse
942 612 986 640 se
1016 612 1171 653 reyere.
1210 600 1372 653 pueri
1401 600 1466 641 ad
1488 601 1881 655 praescriptum
1924 602 1993 643 di-

171 671 327 709 seunt
356 667 479 721 (ibid.
500 670 556 710 42
584 668 861 723 Pythagoras
892 668 1135 726 laudatur).
1170 668 1293 724 Quae
1313 669 1447 712 verba
1479 670 1572 711 sine
1600 670 1735 713 dubio
1762 671 1995 714 Posidonii

140 764 152 774 ·
172 736 227 780 de
259 738 523 781 educatione
555 740 851 794 opinionibus,
885 754 996 794 quas
1027 740 1192 794 passim
1223 741 1523 794 tractavimus,
1556 741 1688 796 plane
1713 743 1995 797 respondent.

171 807 261 852 Sed
293 824 480 863 quorsus
510 811 621 853 haec
653 812 699 852 in
729 810 1099 854 Ps.-Plutarcho‘?
1131 810 1249 854 Sane
1279 812 1390 854 nihil
1423 814 1615 855 omnium
1642 813 1818 857 illarum
1848 829 1993 857 rerum

172 880 244 922 hic
276 881 466 935 scriptor
496 881 684 924 exhibet.
717 881 806 925 Sed
839 882 1230 925 demonstrandum
1262 887 1359 926 erat
1395 884 1535 926 inter
1565 884 1911 928 Posidonium
1942 883 1995 927 e't

173 951 623 1007 Pythagoreorum
650 954 925 1008 opiniones
953 968 1198 996 summam
1226 956 1621 1009 congruentiam
1641 956 1989 1011 intercedere3

173 1022 379 1065 concludi
420 1027 569 1078 potest
612 1025 831 1067 eundem
874 1024 1084 1067 illorum
1128 1026 1435 1080 aenigmata
1480 1027 1751 1082 permagni
1793 1027 1991 1070 fecisse

173 1098 330 1149 atque
364 1095 624 1137 imitatum
655 1109 781 1148 esse,
827 1097 943 1138 sicut
987 1097 1242 1152 ceteroquin
1286 1097 1569 1153 Pythagorae
1612 1099 1837 1140 studiosus
1881 1103 1990 1142 erat.

170 1165 242 1207 De
282 1165 684 1226 Ps.-Plutarcho
726 1170 874 1209 autem
912 1167 959 1209 id
995 1169 1154 1219 evenit,
1190 1172 1242 1210 ut
1285 1168 1364 1211 illa
1396 1169 1687 1223 aenigmata
1719 1170 1990 1225 Peripate-

171 1236 336 1279 ticum
372 1236 454 1279 vel
491 1237 692 1279 mediae
731 1236 889 1281 Stoae
934 1243 1199 1281 auctorem
1245 1244 1456 1282 secutus
1487 1240 1705 1283 laudare
1746 1245 1878 1296 atque
1918 1256 1991 1284 ex-

168 1306 352 1362 planare
378 1307 592 1350 videatur.
617 1334 674 1339 --
700 1309 1080 1351 Ps.-Plutarchum
1106 1314 1338 1364 praeterea
1362 1310 1475 1352 nihil
1500 1311 1676 1354 omnino
1705 1311 1758 1353 de
1779 1311 1988 1355 discendo

170 1392 222 1420 ac
259 1378 313 1420 de
356 1377 605 1422 litterarum
637 1380 928 1434 institutione,
966 1380 1021 1422 de
1053 1381 1250 1423 scientiis
1282 1385 1416 1436 atque
1447 1381 1730 1437 philosophia
1762 1383 1859 1437 ipsa
1889 1397 1987 1438 pro—

170 1449 284 1505 ferre
314 1449 450 1505 paulo
481 1455 583 1505 post
615 1451 1044 1494 commemorandum
1084 1453 1180 1496 erit.

590 1583 786 1674 Caput
826 1611 907 1659 13.
949 1608 1032 1659 De
1074 1608 1569 1661 adulescentibus

310 1711 669 1754 Ps.-Plutarchus
705 1715 757 1755 12
778 1712 822 1755 A
859 1727 1095 1768 puerorum
1127 1718 1272 1756 aetate
1306 1714 1512 1757 absoluta
1544 1715 1601 1757 ad
1634 1715 1987 1760 adulescentium

168 1796 312 1825 mores
342 1784 516 1825 transit.
562 1782 760 1838 Quorum
803 1799 1015 1826 summam
1048 1799 1198 1826 curam
1229 1785 1480 1828 habendam
1513 1800 1620 1838 esse,
1670 1801 1767 1828 cum
1799 1793 1987 1842 peecata

171 1854 260 1895 sint
291 1854 432 1896 multa
470 1869 521 1896 ac
553 1855 704 1909 gravia
745 1857 820 1908 (12
841 1854 1023 1909 A—D).
1073 1856 1276 1899 Eandem
1306 1871 1398 1899 rem
1431 1871 1484 1899 ex
1514 1862 1641 1912 parte
1673 1859 1761 1900 iam
1794 1861 1819 1901 5
1838 1858 1986 1900 A—B

168 1927 388 1967 tractavit.
419 1925 594 1968 Deinde
620 1926 836 1969 malorum
860 1927 1100 1980 hominum,
1132 1929 1345 1982 imprimis
1371 1928 1651 1971 adulatorum
1678 1931 1986 1972 commercium

170 1996 391 2051 improbat
411 1998 486 2050 (13
506 1997 682 2051 A—O).
699 1997 755 2039 In
774 1998 892 2040 vitiis
912 1999 1101 2054 denique
1121 1999 1371 2042 iudicandis
1390 2000 1619 2043 lenitatem
1640 2005 1771 2056 atque
1793 2016 1986 2044 amorem

166 2066 428 2110 benevolum
464 2068 665 2122 patribus
704 2069 862 2111 suadet
894 2071 968 2123 (13
989 2070 1166 2124 D—F).
1216 2070 1305 2113 Illa
1344 2071 1694 2114 adulescentium
1737 2087 1854 2126 cura,
1899 2088 1989 2128 qua

166 2138 392 2181 hominum
413 2140 627 2181 securitas
646 2141 812 2182 usitata
831 2141 1175 2195 reprehenditur,
1208 2142 1328 2196 apud
1355 2144 1463 2184 artis
1495 2143 1714 2186 educandi
1747 2145 1987 2199 scriptores

169 2211 412 2252 communis
442 2210 577 2252 fuisse
614 2211 799 2253 videtur.
845 2210 1079 2254 Nonnulla
1112 2214 1358 2267 comparari
1389 2207 1640 2268 possunt¹);
1689 2216 1910 2269 copiosius
1942 2220 1985 2258 et

165 2280 491 2323 Ps.-Plutarchi
509 2281 654 2324 verbis
675 2282 860 2324 similius
882 2284 973 2336 agit
990 2283 1274 2335 Iambhchus,
1305 2284 1375 2326 De
1402 2300 1437 2327 v.
1457 2284 1583 2339 Pyth.
1616 2287 1724 2327 202:
1756 2286 1984 2339 vulgarem

167 2352 418 2406 opinionem
437 2353 670 2407 vituperat,
691 2367 779 2407 qua
797 2354 996 2396 homines
1015 2359 1175 2408 putant
1192 2357 1344 2402 παῖδας
1364 2357 1442 2410 μὲν
1462 2358 1583 2403 ὄντας
1605 2358 1690 2399 δεῖν
1710 2360 1921 2401 εὐτακτεῖν
1935 2391 1944 2399 .
1957 2391 1966 2400 .

167 2426 409 2471 νεανίσκους
435 2425 482 2467 δὲ
507 2427 759 2479 γενομένους
786 2427 984 2480 ἀφεῖσθαι
1014 2428 1130 2479 παρά
1162 2443 1207 2481 γε
1231 2428 1284 2482 δὴ
1315 2433 1400 2474 τοῖς
1431 2428 1600 2474 πολλοῖς
1630 2435 1774 2477 ποιεῖν,
1807 2430 1833 2471 ὅ
1863 2447 1897 2471 τι
1928 2432 1983 2471 ἂν

163 2495 412 2549 βούλωνται.
442 2501 609 2549 συρρεῖν
634 2497 680 2538 δὲ
712 2497 861 2551 σχεδὸν
893 2499 949 2543 εἷς
979 2498 1129 2551 ταύτην
1159 2499 1231 2552 τὴν
1263 2499 1425 2553 ἡλικίαν
1457 2500 1675 2554 ἀμφότερα
1700 2501 1747 2541 τὰ
1775 2502 1871 2555 γένη
1897 2505 1983 2543 τῶν

163 2567 479 2621 ἁμαρτημάτων
512 2567 556 2620 (i.
590 2580 624 2608 e.
655 2567 763 2609 vitia
795 2581 1030 2621 puerorum
1056 2572 1100 2609 et
1123 2568 1332 2621 virorum)
1367 2605 1375 2612 .
1397 2603 1405 2610 .
1427 2603 1436 2611 .
1457 2571 1602 2624 διόπερ
1635 2575 1789 2613 πασῶν
1821 2573 1981 2614 δεῖσθαι

162 2641 248 2679 τῶν
279 2638 453 2692 ἡλικιῶν
483 2639 633 2693 ταύτην
664 2639 852 2694 πλείστης
882 2640 1122 2694 ἐπιμελείας.

307 2706 434 2762 Quae
454 2707 613 2750 deinde
640 2710 827 2763 scriptor
853 2709 907 2751 de
934 2709 1282 2751 adulescentium
1308 2711 1505 2764 peccatis
1530 2713 1722 2766 exponit,
1754 2727 1780 2754 a
1806 2713 1981 2767 vulgari

166 2791 218 2819 ac
249 2778 356 2819 trita
399 2778 602 2821 vitiorum
645 2779 938 2834 descriptione
982 2780 1103 2822 haud
1140 2781 1203 2822 ita
1236 2780 1381 2823 aliena
1419 2796 1514 2824 esse
1545 2784 1803 2837 putaverim.
1853 2783 1980 2826 Licet

163 2848 280 2890 enim
313 2847 490 2891 Stoicae
520 2851 682 2892 rationi
714 2850 983 2893 simillimum
1016 2852 1084 2903 sit,
1119 2853 1155 2893 si
1186 2866 1238 2894 ea
1262 2852 1464 2894 facinora
1489 2855 1724 2909 ἀδικήματα
1752 2855 1978 2909 appellan-

164 2923 249 2971 tur,
281 2923 430 2962 tamen
460 2921 508 2963 in
537 2921 656 2962 vitiis
676 2921 976 2964 describendis
1002 2927 1133 2976 atque
1158 2923 1410 2965 iudicandis
1443 2926 1518 2977 (12
1539 2925 1579 2966 Β
1600 2928 1771 2979 ἀμετρία
1792 2928 1979 2981 γαστρός,

309 3034 338 3080 ²)
366 3035 418 3070 Ut
442 3035 615 3081 Xenoph.
642 3037 778 3083 Cyrup.
804 3037 825 3072 I
846 3039 879 3083 2,
905 3040 938 3082 9,
964 3038 1074 3084 Reip.
1100 3039 1189 3075 Lac.
1208 3039 1326 3083 1112,
1347 3042 1381 3085 3,
1402 3040 1587 3087 Theophr.
1608 3053 1666 3087 ap.
1688 3042 1796 3078 Stob
1816 3042 1898 3079 Ecl.
1917 3043 1978 3080 IV

161 3105 198 3139 p.
225 3094 307 3139 340,
334 3094 379 3129 12
403 3094 466 3138 Η.,
491 3095 569 3131 Cic.
596 3096 650 3131 De
676 3096 740 3132 off.
765 3097 785 3131 Ι
813 3098 892 3142 117,
919 3098 936 3132 I
963 3098 1032 3133 222
1059 3099 1105 3134 al.
