2138 3438
943 114 1239 158 -19-÷

191 258 399 313 quoniam
437 257 484 299 in
521 256 760 300 seminibus
793 257 965 299 animus
1007 255 1076 298 vel
1111 269 1302 310 pneuma
1333 260 1410 306 est,
1452 254 1690 297 liberorum
1729 260 1773 298 et
1810 269 1998 310 corpora

187 334 232 372 et
274 329 452 383 ingenia
490 328 553 370 eis
594 327 767 370 definiri
806 332 1000 382 apparet.
1046 326 1191 381 Quam
1229 326 1476 368 doctrinam
1513 327 1550 368 si
1582 326 1640 368 ad
1671 326 1998 370 Ps.-Plutarchi

185 401 438 455 opinionem
462 398 736 450 adhibemus,
769 413 868 440 eum
895 399 989 440 sine
1014 398 1147 440 dubio
1173 412 1201 439 a
1222 396 1471 440 Stoicorum
1491 398 1660 439 ratione
1686 397 1818 452 plane
1844 397 1998 440 abesse

187 471 467 527 perspicuum
499 474 577 513 est.
609 469 728 525 Quid
760 470 876 511 enim
910 469 964 512 de
994 469 1147 512 matris
1180 473 1299 511 statu
1331 494 1386 499 —
1420 468 1473 510 de
1504 473 1630 523 patre
1664 469 1840 522 quidem
1865 474 1997 522 tacet,

186 557 239 586 ex
266 557 354 598 qua
378 556 425 584 re
446 541 651 584 concludi
674 546 821 596 potest
840 555 937 583 eum
957 555 1046 583 non
1067 541 1121 583 de
1140 539 1411 594 parentibus,
1435 544 1486 582 ut
1504 537 1752 582 Stoicorum
1772 540 1997 582 doct-rinae

191 614 409 666 convenit,
455 626 583 668 agere
622 613 700 655 sed
731 612 875 655 locum
907 625 1180 655 communem
1224 611 1278 654 de
1308 625 1443 653 uxore
1475 610 1679 666 eligenda
1709 610 1907 665 proferre
1939 636 1998 642 —

190 685 316 728 aliud
346 685 566 740 praecipit
597 698 729 738 quam
761 682 1042 739 εὐγένειανῖ
1085 683 1271 725 Minime
1303 683 1550 735 sanitatem,
1580 687 1787 724 naturam
1819 683 1998 724 inteme-

189 762 345 807 ratam,
376 757 578 798 virtutem
610 755 678 798 vel
711 755 905 810 corporis
936 755 1004 797 vel
1035 754 1200 809 ingenii
1226 754 1319 796 eius
1344 754 1535 808 respicit,
1568 753 1646 795 sed
1673 752 1811 795 solam
1837 752 1997 795 nobili-

186 833 335 880 tatem,
381 842 508 882 quae,
541 832 590 869 ut
621 840 673 869 ex
717 826 857 868 verbis
901 826 994 868 eius
1030 825 1128 868 luce
1167 825 1328 867 clarius
1365 829 1562 879 apparet,
1592 839 1682 867 non
1714 824 1830 866 idem
1863 829 1997 878 atque

186 902 350 955 εὐφυία,
376 899 454 941 sed
474 903 637 940 statum
657 898 886 941 elatiorem
911 898 957 939 in
982 897 1207 939 hominum
1233 897 1535 939 aestimatione
1554 897 1745 951 positum
1765 895 1996 950 significat.

326 970 442 1012 Item
474 974 772 1024 praeceptum,
810 983 896 1023 quo
928 982 983 1010 ne
1014 968 1096 1009 viri
1127 982 1150 1010 e
1181 967 1424 1022 paelicibus
1454 966 1775 1009 mulierculisve
1814 966 1997 1009 abiectis

185 1041 348 1084 liberos
373 1045 606 1096 procreent
627 1045 843 1092 monetur,
869 1039 1103 1082 multorum
1128 1038 1487 1094 philosophorum
1514 1052 1739 1081 commune
1766 1039 1997 1080 invenitur.

188 1113 328 1168 Apud
357 1112 651 1155 Iamblichum
682 1112 752 1154 De
784 1126 821 1152 v.
853 1110 979 1165 Pyth.
1011 1113 1066 1153 95
1100 1110 1361 1165 saepiusque
1391 1112 1640 1157 παλλακίδες
1671 1110 1994 1164 vituperantur3

186 1185 402 1239 imprimis
446 1188 592 1226 autem
625 1182 798 1225 Stoicos
842 1182 888 1223 in
930 1181 1198 1224 matrimonii
1242 1182 1476 1223 sanctitate
1520 1181 1797 1223 defendenda
1834 1194 1997 1234 magna

186 1270 285 1298 cum
331 1255 563 1298 severitate
613 1268 792 1308 operam
834 1266 1020 1295 navasse
1053 1257 1236 1295 constat.
1287 1252 1490 1295 Clemens
1533 1252 1660 1294 Alex.
1698 1252 1742 1293 in
1781 1265 1834 1293 ea
1871 1256 1996 1306 parte

186 1327 455 1381 Paedagogi,
486 1339 599 1380 quae
632 1324 886 1367 inscribitur
919 1325 1017 1367 Τίνα
1048 1325 1294 1379 διαληπτέον
1317 1326 1412 1377 περὶ
1435 1326 1714 1375 παιδοποιίας,
1747 1337 1835 1365 11011
1865 1323 1996 1365 1110ᾶο

187 1398 494 1441 castimoniam
523 1396 791 1439 matrimonii
824 1395 988 1438 servari
1025 1395 1147 1437 iubet
1189 1394 1236 1452 (ξ
1269 1397 1339 1447 92,
1373 1396 1427 1437 97
1471 1394 1681 1436 laudatur
1723 1397 1748 1449 ἡ
1794 1396 1997 1450 γαμήλιος

186 1471 458 1525 σωφροσύνη,
500 1467 879 1523 reprehenduntur
925 1469 967 1510 αἱ
1004 1469 1201 1521 ἑταιρικαὶ
1242 1468 1425 1522 ἡδοναί),
1471 1465 1549 1508 sed
1591 1466 1723 1508 etiam
1768 1466 1813 1507 in
1862 1479 1997 1507 uxore

152 1543 155 1544 ⁷
188 1541 394 1595 eligenda
427 1539 561 1582 simili
598 1539 730 1582 modo
763 1538 936 1581 suadet:
981 1538 1035 1581 91
1070 1540 1128 1593 μὴ
1162 1544 1313 1591 σπεῖρε,
1355 1537 1407 1580 οὗ
1438 1539 1497 1592 μὴ
1530 1538 1704 1593 βούλοιο
1735 1540 1787 1580 ἄν
1817 1554 1882 1580 σοι
1914 1538 1995 1590 φύ-

186 1615 307 1656 εσθαι
333 1614 378 1655 τὸ
402 1614 572 1665 σπαρέν.
598 1610 688 1653 Sed
707 1611 796 1652 iam
824 1624 911 1664 qua
935 1613 1079 1651 mente
1104 1609 1150 1651 id
1175 1608 1442 1651 audiendum
1469 1609 1538 1659 sit,
1563 1612 1762 1662 apparet:
1788 1607 1996 1649 libidines

185 1683 433 1738 impudicae
464 1682 736 1733 maritorum,
780 1682 856 1735 qui
887 1685 1010 1723 extra
1040 1680 1365 1722 matrimonium
1396 1679 1642 1734 voluptates
1675 1679 1872 1721 venerias
1905 1692 1996 1720 sec-

185 1760 350 1805 tantur,
384 1754 668 1808 castigantur.
699 1753 871 1795 Eodem
904 1756 1116 1807 spectant,
1150 1765 1262 1805 quae
1293 1751 1525 1808 Musonius
1558 1750 1677 1805 apud
1705 1749 1825 1793 Stob.
1857 1765 1893 1791 v.
1920 1750 1994 1791 ΙΙΙ

187 1842 229 1882 p.
249 1827 351 1875 286,
395 1826 448 1867 10
486 1825 639 1867 Hense
679 1823 894 1866 declarat:
933 1826 1103 1878 χρή
1141 1824 1252 1877 μόνα
1290 1824 1514 1877 ἀφροδίσια
1551 1824 1734 1876 νομίζειν
1771 1823 1910 1864 δίκαια
1947 1822 1994 1864 τὰ

187 1901 232 1941 ἒν
263 1900 389 1953 γάμῳ
421 1897 493 1939 καὶ
521 1897 588 1938 ἐπὶ
618 1898 770 1950 γενέσει
799 1896 967 1938 παίδων
996 1895 1310 1950 συντελούμενα,
1354 1895 1415 1936 ὅτι
1445 1895 1515 1936 καὶ
1545 1894 1702 1947 νόμιμά
1733 1895 1849 1942 ἐστιν,
1893 1897 1937 1934 et
1968 1906 1994 1934 a

182 1967 417 2024 Philonel)
443 1973 531 2014 ταῖς
548 1969 742 2013 συνόδοις
760 1969 956 2021 νομίμως
982 1969 1263 2020 opponuntur
1286 1968 1461 2019 ἔκνομοι
1484 1966 1668 2007 σύνοδοι.
1693 1964 1848 2018 Neque
1869 1964 1997 2006 aliter

187 2040 357 2083 Seneca
396 2039 450 2081 de
487 2039 745 2080 maritorum
779 2038 981 2079 castitate
1014 2035 1281 2093 iudicavit.2)
1326 2034 1602 2090 Quamquam
1633 2034 1994 2077 PS.-Pliitarch11s

184 2113 276 2167 ipse
301 2124 475 2165 quoque
489 2109 623 2152 verba
635 2115 718 2156 τοῖς
738 2111 921 2165 νομίμου
940 2110 1206 2154 παιδοποιίας
1225 2110 1483 2163 γλιχομένοις
1501 2106 1710 2163 scribit3),
1732 2120 1829 2148 eum
1849 2111 1995 2149 tamen

184 2183 240 2226 ab
272 2182 360 2224 illis
385 2180 660 2237 philosophis
688 2179 982 2235 separandum
1008 2193 1101 2221 esse
1127 2178 1283 2228 elucet,
1315 2179 1390 2233 qui
1408 2178 1683 2220 meretricum
1710 2182 1754 2219 et
1776 2177 1994 2232 paelicum

184 2269 311 2297 usum
357 2267 447 2295 non
485 2252 541 2294 ob
578 2251 847 2294 matrimonii
884 2250 1068 2305 legitimi
1106 2250 1396 2303 sanctitatem,
1440 2249 1516 2291 sed
1548 2253 1727 2303 propter
1757 2248 1997 2299 infamiam,

185 2340 299 2381 quae
336 2324 451 2379 proli
483 2324 638 2375 evenit,
677 2322 983 2377 reprehendat.
1017 2320 1162 2376 Quare
1195 2325 1239 2363 et
1262 2335 1409 2363 veram
1441 2319 1690 2363 Stoicorum
1721 2324 1995 2374 posterorum

183 2402 427 2451 temporum
459 2396 506 2437 in
535 2394 731 2437 moribus
763 2393 1087 2448 rigorositatem
1119 2393 1294 2447 ignorat
1324 2396 1368 2434 et
1393 2405 1419 2433 a
1446 2391 1708 2446 Cynicorum
1735 2390 1994 2432 concubitus

183 2467 405 2511 tractandi
432 2467 602 2508 ratione
629 2465 852 2508 abhorret:
884 2478 985 2506 nam
1018 2463 1151 2505 verba
1174 2465 1233 2519 μὴ
1259 2469 1344 2510 ταῖς
1368 2464 1587 2517 τυχούσαις
1612 2464 1766 2517 γυναιξὶ
1790 2468 1995 2505 συνοικεῖν

184 2539 447 2594 Cynicorum
483 2551 565 2579 nec
590 2551 680 2578 non
710 2536 868 2578 veteris
902 2533 1033 2576 Stoae
1066 2534 1262 2588 opinioni
1292 2548 1389 2576 cum
1415 2533 1635 2575 industria
1660 2533 1823 2588 opponi
1848 2533 1994 2574 viden·

182 2615 267 2652 tur.
314 2608 403 2652 Sed
436 2608 683 2651 iterandum
717 2612 794 2658 est,
840 2620 951 2661 quae
983 2605 1055 2647 hic
1088 2605 1275 2660 scriptor
1305 2605 1497 2659 exponit,
1542 2603 1679 2646 solam
1713 2604 1769 2646 ad
1801 2603 1993 2645 nobilem

185 2681 331 2723 uxoris
357 2680 660 2722 condicionem
687 2683 900 2732 spectare.
934 2675 1063 2731 Quod
1090 2676 1274 2727 etiamsi,
1302 2676 1349 2718 id
1369 2676 1486 2730 quod
1512 2676 1606 2716 sine
1632 2674 1764 2716 dubio
1791 2688 1843 2716 ex
1868 2679 1993 2728 parte

188 2766 234 2793 se
265 2751 402 2793 habet
432 2751 508 2801 ita,
539 2749 671 2791 facile
705 2764 727 2790 e
760 2748 986 2802 scriptoris
1018 2747 1193 2802 ingenio
1225 2746 1435 2801 explicari
1465 2747 1618 2800 possit,
1648 2751 1796 2787 tamen
1830 2759 1990 2798 operae

184 2823 372 2878 pretium
403 2835 497 2863 esse
529 2820 703 2863 videtur
731 2819 1093 2874 philosophorum
1126 2818 1179 2859 de
1210 2818 1488 2860 matrimonio
1521 2822 1565 2859 et
1594 2831 1727 2858 uxore
1761 2815 1990 2869 deligenda

326 2927 354 2973 1)
379 2928 436 2962 De
459 2930 542 2962 toto
566 2927 651 2962 loco
676 2938 710 2961 v.
738 2925 963 2968 Wendland,
987 2924 1096 2959 Philo
1122 2935 1160 2960 u.
1183 2923 1220 2958 d.
1245 2922 1580 2967 kynisch-stoische
1607 2921 1788 2966 Diatribe,
1814 2933 1848 2965 p.
1875 2921 1932 2956 35.

328 2986 357 3030 ²)
382 2986 430 3021 cf.
457 2986 526 3030 Ep.
550 2986 608 3027 94,
633 2986 678 3020 26
702 2985 781 3020 seis
800 3009 809 3019 .
828 3011 836 3019 .
859 3013 866 3020 .
893 2983 966 3019 tibi
988 2983 1047 3018 nit
1071 2995 1146 3018 esse
1169 2983 1291 3018 debere
1314 2994 1397 3017 cum
1417 2982 1570 3027 paelice.

326 3046 352 3091 ³)
381 3045 428 3080 cf.
455 3044 654 3080 Iamblich.
693 3044 748 3079 De
773 3056 808 3081 v.
832 3043 874 3078 P.
900 3044 987 3078 211:
1027 3044 1100 3087 τὰς
1130 3043 1197 3078 ἐπὶ
1226 3043 1448 3087 τεκνοποιίᾳ
1479 3042 1661 3087 σώφρονι*
1683 3052 1728 3076 τε
1753 3041 1816 3075 καὶ
1841 3041 1991 3085 νομίμῳ

184 3106 398 3151 γινομένας
420 3104 668 3150 (γεννήσεις).

1850 3171 1872 3205 2
1877 3171 1895 3192 *
