2138 3438
917 127 1213 168 -27-...

158 281 248 310 non
290 267 435 309 minus
476 267 743 322 respondere
786 267 1001 310 videntur.
1043 267 1114 310 De
1157 268 1330 310 virtutis
1375 268 1708 311 condicionibus
1743 269 1862 311 idem
1897 269 1972 311 ille

158 338 448 394 philosophus
491 339 679 381 censuit:
723 338 856 382 Alex,
901 339 1104 393 Aphrod.
1149 338 1202 382 de
1243 339 1373 383 anim.
1410 340 1457 381 II
1499 342 1583 383 159
1605 355 1631 382 a
1668 344 1693 396 ἡ
1732 342 1810 395 μὲν
1849 342 1973 396 φύσις

102 446 105 447 ⁷
158 412 239 465 οὔχ
269 411 398 464 ὁμοία
428 412 609 463 πάντων,
646 411 734 453 ἀλλ’
769 414 851 465 ἔχει
883 411 1106 466 διαφοράν.
1140 444 1149 452 .
1172 413 1423 467 ..μεγίστην
1453 412 1499 453 δὲ
1530 413 1648 466 ἰσχὺν
1679 414 1704 466 ἡ
1736 413 1861 467 φύσις
1891 415 1973 466 ἔχει

157 484 267 536 πρὸς
289 483 334 525 τὸ
358 482 496 528 τοιοὺς
521 485 547 538 ἢ
572 483 710 529 τοιοὺς
735 471 936 536 γίνεσθαι,
963 484 1065 537 μετὰ
1085 483 1132 525 δὲ
1150 483 1224 537 τὴν
1242 484 1368 538 φύσιν
1386 484 1434 524 τὰ
1453 484 1547 537 ἔθη,
1572 485 1616 531 ἒξ
1635 483 1699 526 ὧν
1718 485 1973 538 ἀμφοτέρων

158 554 230 595 καὶ
259 555 286 608 ἡ
323 556 564 608 προαίρεσις
598 555 699 596 ποιὰ
731 556 891 607 γίνεται,
929 554 987 596 id.
1020 553 1074 596 de
1112 553 1208 595 fato
1240 567 1283 604 c.
1315 555 1370 596 27
1403 569 1444 608 p.
1477 555 1532 595 88
1564 556 1632 609 ἐφ’
1667 556 1767 608 ἡμῖν
1797 556 1838 596 τέ
1868 556 1974 596 ἐστιν

159 627 185 679 ἡ
215 629 302 667 τῶν
332 627 493 678 ἀρετῶν
523 630 662 680 κτῆσις
692 627 763 668 καὶ
793 628 874 668 οὐκ
905 629 1102 681 ἄχρηστοι
1122 660 1131 668 .
1155 659 1162 666 .
1183 658 1192 667 .
1227 629 1250 681 ἡ
1277 626 1345 668 διὰ
1371 630 1456 667 τῶν
1479 626 1702 681 βελτιόνων
1726 626 1845 667 ἐθῶν
1870 627 1973 667 κατὰ

161 696 254 742 τοὺς
283 697 444 750 νόμους
474 698 620 751 ἀγωγή
652 714 691 738 κ.
722 713 752 738 τ.
785 697 818 740 λ.
852 695 1176 750 Comparantur
1206 699 1437 751 praeterea
1469 710 1495 738 a
1527 695 1726 751 Dyroffio
1760 694 1887 737 Alex.
1920 696 1972 737 de

161 779 230 808 an.
275 767 360 808 160
381 780 408 808 a
440 767 504 809 διὸ
547 768 718 810 πολλῶν
760 769 902 814 καλῶς
945 769 1052 821 πρὸς
1096 769 1247 823 ἀρετὴν
1282 768 1538 822 πεφυκότων
1575 768 1836 822 φαυλότερόν
1872 784 1975 814 τινες

157 839 390 892 πεφυκότες
414 840 611 892 ἀμείνους
642 841 819 894 γίνονται
850 839 1051 886 πολλάκις
1082 840 1154 894 τὴν
1185 841 1347 882 ἔνδειαν
1380 844 1448 894 τῆς
1478 839 1650 894 φύσεως
1680 840 1895 894 ἰασόμενοι.
1925 843 1973 892 τῇ

158 911 259 963 παρ’
294 911 433 952 αὐτῶν
463 911 631 964 ἐξουσίᾳ
668 923 766 951 cum
797 909 1015 952 Ps.-Plut.
1047 911 1073 951 2
1097 909 1146 961 O,
1182 909 1340 952 deinde
1366 909 1579 952 Ps.-Plut.
1605 911 1630 952 3
1651 910 1691 951 B
1718 908 1832 966 (ἔθη,
1859 910 1974 951 διδα-

157 982 333 1030 σκαλίαι,
362 982 469 1035 βίων
500 979 681 1037 ἀγωγαί)
713 994 812 1022 cum
842 979 971 1024 Alex.
1004 980 1056 1022 de
1087 980 1168 1023 fat.
1200 997 1240 1035 p.
1274 982 1328 1024 88
1362 983 1415 1024 δι’
1450 983 1670 1036 ἀσκήσεώς
1697 998 1736 1023 τε
1761 983 1831 1023 καὶ
1856 982 1973 1023 διδα-

158 1054 330 1098 σκαλίας
353 1054 398 1093 et
429 1051 544 1093 Plut.
576 1050 712 1094 Stoic.
745 1066 831 1106 rep.
863 1053 974 1094 1043
994 1052 1037 1094 D
1064 1055 1239 1107 ἀγωγαί,
1271 1054 1363 1108 ἔθη.
1398 1051 1488 1095 Sed
1518 1066 1663 1094 nonne
1694 1051 1973 1106 perspicuum

159 1127 226 1164 est
263 1123 410 1164 omnia
451 1122 562 1164 haec
598 1123 653 1164 iis
691 1123 1036 1178 cogitationibus
1074 1123 1310 1165 inserenda
1349 1137 1457 1175 esse,
1503 1108 1613 1178 quas
1651 1123 1846 1165 omnium
1884 1122 1973 1164 fere

157 1193 260 1236 inde
287 1208 313 1235 a
335 1192 574 1236 Socraticis
597 1193 959 1248 philosophorum
986 1208 1237 1236 communes
1262 1194 1396 1236 fuisse
1422 1209 1556 1248 supra
1577 1195 1814 1249 apparuit?
1843 1193 1974 1236 Alius

159 1268 313 1307 contra
337 1264 459 1307 locus
484 1265 584 1319 plus
608 1264 739 1317 valet,
767 1267 792 1307 2
813 1263 859 1306 A
884 1266 1013 1320 ἀρχαί
1035 1290 1093 1296 -
1118 1269 1409 1320 προκοπαί-
1428 1268 1594 1320 χρήσεις
1613 1290 1670 1295 -
1690 1266 1974 1320 ἀκρότητες1);

160 1349 273 1390 quae
309 1335 442 1378 verba
474 1334 624 1378 Stoica
662 1349 756 1378 esse
794 1337 948 1390 negari
978 1350 1067 1384 non
1104 1339 1263 1390 potest.
1299 1336 1455 1391 Neque
1489 1337 1677 1391 denique
1710 1351 1974 1391 quemquam

157 1406 276 1462 fugit
324 1406 535 1461 pleraque
583 1407 714 1449 huius
759 1408 917 1462 capitis
959 1421 1049 1449 non
1092 1409 1237 1449 minus
1282 1407 1444 1450 Stoicis
1488 1422 1621 1462 quam
1663 1407 1975 1462 Peripateticis

159 1478 373 1534 vindicari
415 1492 563 1532 posse;
603 1492 707 1520 nam
750 1492 864 1532 quae
906 1492 1006 1521 vere
1038 1493 1090 1521 ac
1128 1479 1316 1534 genuine
1354 1479 1654 1534 Peripatetica
1691 1479 1976 1533 repperimus,

160 1551 300 1605 magis
325 1549 634 1592 subaudienda
658 1554 774 1602 sunt,
801 1564 932 1604 quam
959 1565 986 1592 a
1011 1551 1224 1604 scriptore
1251 1554 1538 1604 exponuntur.
1564 1550 1734 1592 Tamen
1760 1550 1796 1591 si
1814 1550 1975 1592 iterum

158 1621 385 1676 utriusque
417 1625 563 1663 sectae
594 1625 799 1664 naturam
830 1622 1101 1677 respicimus,
1132 1622 1179 1663 id
1209 1636 1289 1676 pro
1317 1625 1435 1664 certo
1460 1621 1616 1663 haberi
1641 1625 1800 1676 potest:
1832 1620 1974 1675 philo·

161 1692 325 1747 sophus
362 1705 461 1734 vere
500 1691 674 1735 Stoicus
712 1707 790 1735 eas
827 1707 896 1735 res
928 1707 1082 1747 nempe
1117 1693 1203 1735 alio
1234 1692 1366 1735 modo
1398 1693 1685 1734 tractavisset.
1722 1692 1839 1735 Nam
1873 1697 1974 1734 ante

161 1764 310 1806 omnia
340 1763 394 1806 de
425 1763 698 1806 instituendo
731 1777 783 1806 ac
809 1764 1010 1806 docendo
1043 1763 1266 1821 (μάθησις)
1296 1763 1435 1806 multo
1467 1764 1688 1818 copiosius
1720 1764 1891 1817 egisset,
1928 1763 1975 1805 id

160 1834 280 1888 quod
314 1834 387 1876 hic
424 1835 613 1889 scriptor
644 1834 737 1877 solo
769 1835 895 1877 initio
927 1835 1117 1877 breviter
1147 1835 1303 1888 tangit.
1342 1834 1431 1878 Sed
1456 1849 1632 1889 quoquo
1664 1834 1793 1876 modo
1827 1848 1896 1876 res
1927 1847 1973 1875 se

159 1905 310 1948 habet:
331 1919 429 1948 cum
450 1910 498 1948 et
514 1906 878 1960 Peripatetica
898 1906 989 1948 sine
1011 1905 1144 1948 dubio
1166 1910 1216 1948 et
1235 1904 1428 1959 Stoica,
1447 1911 1498 1947 ut
1519 1906 1700 1954 videtur,
1714 1893 1975 1957 sentiantur,

158 1976 420 2020 facillimum
451 1980 518 2018 est
549 1977 749 2019 conicere
781 1977 1071 2031 cogitationes
1096 1991 1187 2019 non
1211 1977 1419 2019 utriusvis
1445 1977 1620 2019 scholae
1648 1977 1871 2030 genuinas,
1896 1977 1975 2018 sed

160 2048 321 2090 mixtas
358 2061 466 2090 esse.
512 2046 636 2102 Quae
673 2047 1021 2102 philosophia
1058 2047 1642 2103 Peripatetico-Stoica
1681 2048 1736 2089 ad
1773 2052 1975 2102 tempora

160 2122 262 2173 post
290 2118 479 2161 mediam
513 2117 666 2161 Stoam
697 2119 782 2160 sita
813 2132 894 2160 nos
928 2118 1116 2162 deducit.
1149 2119 1326 2163 Veteris
1359 2123 1514 2162 contra
1549 2118 1684 2161 Stoae
1717 2119 1975 2171 doctrinam,

160 2189 394 2244 praecipue
431 2188 726 2244 Chrysippum
764 2193 988 2232 auctorem
1026 2204 1121 2232 esse
1160 2205 1238 2232 cur
1269 2191 1553 2243 coniciamus,
1589 2204 1644 2232 ne
1677 2204 1765 2232 una
1797 2190 1973 2243 quidem

162 2274 297 2302 causa
328 2263 503 2315 gravior
531 2265 611 2313 est,
644 2264 691 2302 at
720 2260 935 2303 nonnulla
959 2275 1122 2316 magna
1148 2276 1246 2304 cum
1272 2261 1588 2316 probabilitate
1614 2262 1837 2303 contraria
1861 2265 1974 2303 sunt.

211 2403 403 2470 Caput
440 2407 488 2454 4.
528 2403 612 2455 De
649 2404 965 2464 nutricum,
1009 2405 1399 2467 servulorum,
1435 2404 1926 2471 paedogogorum

926 2487 1211 2541 moribus

303 2593 605 2647 Praeceptum,
637 2607 723 2648 quo
756 2594 944 2648 scriptor
974 2598 1136 2642 monet,
1168 2599 1218 2636 ut
1247 2598 1410 2637 matres
1441 2593 1603 2636 liberos
1628 2595 1751 2649 ipsae
1777 2595 1973 2636 nutriant

163 2666 208 2718 <3
228 2664 403 2721 C—D),
436 2665 518 2707 etsi
548 2678 627 2719 per
659 2678 704 2707 se
737 2669 900 2707 certam
932 2665 1155 2718 quandam
1186 2665 1511 2721 philosophiam
1542 2680 1632 2708 non
1664 2666 1790 2720 sapit,
1827 2670 1974 2707 tamen

165 2734 293 2791 quale
335 2735 407 2777 hic
448 2734 608 2789 legitur
653 2733 814 2778 Stoicis
857 2735 1045 2778 fortasse
1090 2735 1158 2778 vel
1199 2737 1346 2791 potius
1390 2735 1594 2790 populari
1638 2750 1748 2790 quae
1791 2741 1973 2778 vocatur

163 2805 470 2860 philosophiae
514 2805 842 2849 attribuendum
885 2820 981 2849 esse
1025 2806 1209 2849 videtur.
1254 2806 1398 2862 Quam
1442 2807 1706 2849 sententiam
1750 2806 1973 2861 pleraque,

165 2889 276 2930 quae
321 2875 429 2918 alibi
471 2876 526 2919 de
569 2877 723 2919 eadem
767 2892 813 2919 re
857 2878 1114 2929 invenimus,
1158 2878 1360 2932 probant.
1406 2877 1495 2920 Sed
1533 2877 1585 2919 de
1625 2892 1677 2919 ea
1713 2892 1759 2920 re
1799 2877 1972 2931 copiose

164 2947 441 3001 investigavit
484 2946 715 2990 Schickius
753 2948 779 2989 l.
817 2949 846 2990 l.
885 2964 925 3002 p.
959 2950 997 2997 3,
1028 2948 1105 2990 ubi
1137 2949 1194 2990 ad
1240 2949 1446 2991 Favorini
1490 2948 1710 2990 diatriben
1754 2962 1780 2990 a
1825 2947 1971 2990 Gellio

307 3063 333 3107 ¹)
352 3064 524 3099 Ceterum
543 3064 613 3099 hoc
631 3065 787 3100 verbum
807 3065 905 3110 apud
926 3065 1168 3100 Aristotelem
1190 3077 1336 3110 quoque
1350 3065 1489 3111 legitur
1502 3065 1614 3100 simili
1627 3065 1738 3102 modo
1755 3070 1973 3111 usurpatum

164 3122 254 3158 Eth.
278 3122 361 3157 Nic.
390 3123 478 3158 1107
494 3135 515 3158 a
540 3124 562 3159 8
586 3123 798 3168 (Schickius
824 3124 848 3158 1.
874 3124 898 3158 l.
925 3136 960 3168 p.
987 3124 1060 3169 40).
