2138 3438
897 117 1191 159 -59—

137 260 306 315 ἀλόγων
330 260 459 314 ζῴων
483 259 656 302 οῧόέπω
683 261 899 312 κρείττων·
929 261 988 306 τίς
1011 259 1091 314 γὰρ
1118 259 1298 300 λεόντων
1323 261 1348 314 ἢ
1374 259 1614 313 ἐλεφάντων
1639 259 1948 312 ἀλκιμώτερος,·

137 333 195 378 τίς
213 332 259 373 δ’
275 331 488 384 ὠκύτερος
506 330 695 385 λαγωοῦ;
716 329 911 383 Dignum
924 333 1004 382 est,
1024 329 1143 383 quod
1163 333 1536 380 commemoretur,
1563 328 1951 370 Ps.-Plutarchum

138 400 292 444 eodem
323 404 579 455 argumento
612 400 658 442 in
688 400 816 442 bonis
848 400 1110 443 enarrandis
1143 401 1188 453 (5
1201 399 1259 454 Ε)
1300 399 1358 442 ad
1391 400 1586 454 corporis
1614 399 1753 442 robur
1789 401 1950 454 impro-

138 472 332 514 bandum
350 485 478 513 usum
497 485 604 524 esse,
630 474 784 514 contra
803 471 888 522 hic,
908 471 984 513 ubi
1003 471 1129 513 locus
1157 471 1199 513 ei
1223 473 1287 512 rei
1311 471 1499 513 maxime
1525 471 1710 513 idoneus
1737 475 1813 522 est,
1838 470 1951 512 nihil

137 547 292 586 contra
321 543 504 584 nimium
548 542 746 597 corporis
779 542 945 584 cultum
977 546 1021 584 et
1064 541 1331 584 athletarum
1363 541 1539 584 labores
1581 542 1840 594 declamare,
1873 541 1951 583 sed

139 614 280 657 solum
310 613 512 656 Platonis
545 613 711 656 dictum
743 613 940 655 laudare.
972 613 1074 668 Qua
1103 627 1151 655 re
1176 613 1363 655 fortasse
1396 627 1495 655 eum
1525 613 1690 666 magis
1724 613 1783 655 de
1815 617 1950 654 vete-

137 685 295 737 ribus,
345 685 581 739 praecipue
630 684 857 727 Platone
906 685 978 726 hic
1028 684 1235 739 pendere,
1286 699 1418 738 quam
1467 684 1760 726 recentiorum
1809 683 1950 738 philo-

139 756 389 811 sophorum,
437 757 652 810 imprimis
703 755 965 808 Stoicorum,
1018 757 1235 798 rationem
1286 756 1410 810 sequi
1461 755 1740 809 comprobari
1791 758 1952 809 potest.

138 827 431 871 Nihilosetius
473 827 678 889 Platonis
727 827 1018 870 imitationem
1064 826 1216 869 Stoica
1259 827 1330 869 via
1371 826 1559 868 derivari
1602 840 1731 881 posse
1770 840 1952 868 consen-

138 902 318 941 taneum
349 902 430 941 est.

281 982 342 1023 Et
372 982 418 1023 in
450 981 583 1023 animi
609 981 855 1023 actionibus
881 986 925 1023 et
949 981 995 1023 in
1028 981 1224 1035 corporis
1255 980 1483 1023 laboribus
1516 981 1756 1023 cavendum
1787 985 1864 1033 est,
1895 994 1951 1022 ne

139 1053 275 1095 nimia
306 1052 586 1094 contentione
618 1056 662 1094 et
692 1067 774 1094 usu
799 1052 1008 1094 continuo
1039 1052 1150 1094 vires
1177 1052 1503 1106 elanguescant,
1535 1052 1732 1093 remissio
1761 1055 1803 1093 et
1828 1051 1952 1093 laxa·

138 1130 289 1167 menta
313 1126 562 1167 necessaria
595 1128 697 1166 sunt
721 1126 766 1178 (9
781 1123 957 1177 B-O).
985 1124 1119 1179 Quod
1145 1128 1428 1178 praeceptum
1455 1124 1548 1165 sine
1569 1123 1703 1165 dubio
1726 1122 1951 1177 vulgarius

140 1188 246 1249 erat,
292 1211 424 1250 quam
466 1200 516 1238 ut
558 1196 763 1249 cuiquam
805 1195 1034 1249 proprium
1083 1195 1298 1249 assignari
1339 1195 1492 1249 possit.
1554 1194 1723 1236 Tamen
1766 1194 1952 1236 fortasse

140 1268 453 1310 similitudines
497 1267 713 1321 quaedam
757 1269 1038 1320 comparatae
1083 1270 1280 1320 prosunt.
1323 1265 1494 1307 Seneca
1526 1266 1711 1307 eandem
1742 1279 1833 1307 rem
1863 1279 1953 1307 non

139 1353 240 1382 raro
271 1339 428 1393 tangit,
469 1341 519 1379 ut
547 1338 630 1392 Ep.
665 1338 732 1390 15,
777 1339 802 1379 5
836 1338 977 1379 labore
1017 1338 1179 1379 modico
1221 1338 1361 1379 alitur
1397 1338 1469 1379 ille
1507 1337 1716 1391 (animus)
1755 1336 1822 1378 vel
1860 1337 1899 1389 3,
1926 1337 1951 1378 6

138 1425 238 1453 eum
267 1424 416 1452 rerum
445 1413 610 1452 natura
640 1409 855 1451 delibera:
888 1409 966 1450 illa
997 1408 1107 1451 dicet
1138 1409 1218 1450 tibi
1247 1412 1288 1450 et
1316 1409 1430 1450 diem
1455 1413 1495 1450 et
1524 1412 1692 1450 ‘noctem
1722 1408 1871 1462 fecisse
1896 1433 1954 1437 —

140 1481 194 1523 cf²
227 1481 443 1523 Ps.-Plut.
476 1483 526 1524 οὗ
557 1481 692 1535 μόνον
723 1481 968 1535 ἐγρήγορσις
1007 1481 1110 1522 ἀλλὰ
1141 1482 1212 1522 καὶ
1242 1482 1375 1527 ὕπνος
1404 1481 1574 1534 εὑρέθη.
1637 1479 1759 1520 Idem
1790 1482 1954 1520 tractat

140 1552 361 1606 copiosius
392 1551 461 1593 Dc
491 1550 721 1605 tranquill.
756 1565 823 1592 an.
858 1551 924 1601 17,
957 1552 1002 1592 5:
1048 1552 1194 1593 danda
1224 1555 1287 1592 est
1314 1550 1477 1592 animis
1507 1550 1727 1592 remissio:
1760 1549 1955 1591 meliores

138 1624 407 1678 acrioresque
437 1622 622 1677 requieti
657 1626 836 1676 surqent
880 1647 937 1651 ——
982 1622 1179 1675 sequitur
1224 1635 1428 1676 agrorum
1466 1621 1736 1675 comparatio
1769 1620 1951 1674 paulum

141 1694 270 1736 aliter
298 1694 501 1735 instituta
532 1707 665 1747 quam
695 1691 1029 1734 Ps.-Plutarchi
1061 1718 1118 1722 -—
1149 1693 1215 1734 ita
1243 1693 1494 1734 animorum
1524 1693 1709 1747 impetus
1739 1693 1954 1733 adsiduas

141 1766 258 1808 labor
286 1766 459 1820 franget
485 1796 494 1805 .
522 1797 530 1806 .
557 1778 585 1816 .;
621 1763 777 1805 deinde
809 1763 1080 1805 remissionis
1119 1763 1293 1817 iocique
1325 1763 1648 1804 vicissitudines
1679 1762 1952 1804 necessarias

140 1850 234 1878 esse
255 1836 540 1886 demonstrat,
562 1849 659 1876 cum
679 1838 866 1887 utraque
888 1848 969 1885 res,
989 1838 1033 1875 et
1044 1833 1173 1876 labor
1192 1839 1235 1876 et
1254 1834 1455 1888 languor,
1478 1834 1688 1876 continua
1708 1833 1954 1888 perniciosa

142 1907 212 1958 sit,
245 1909 309 1960 (6)
341 1921 443 1949 nam
474 1911 513 1948 et
542 1920 720 1948 somn-us
751 1906 976 1960 refectioni
1006 1907 1275 1947 necessarius
1306 1910 1368 1948 est
1392 1938 1400 1946 .
1423 1938 1432 1947 .
1462 1905 1529 1961 (7)
1556 1907 1694 1959 lequm
1721 1905 1955 1947 conditores

140 1979 269 2033 festos
299 1979 592 2019 instituerunt
620 1977 710 2018 dies
739 2011 746 2018 .
777 2011 785 2018 .
819 1980 1031 2031 tamquan
1061 1977 1354 2019 necessarium
1386 1977 1605 2019 laboribus
1636 1977 1954 2031 interponentes

140 2052 528 2103 temperamentum
562 2073 619 2078 —
653 2046 705 2089 cf.
737 2047 951 2090 Ps.-Plut.
998 2049 1100 2090 οὐδὲ
1137 2049 1297 2103 ἐνεργοὶ
1335 2050 1517 2102 πράξεις,
1558 2049 1661 2090 ἀλλὰ
1692 2050 1761 2090 καὶ
1792 2049 1950 2101 ἑορταί,-

139 2115 208 2176 (8)
251 2118 564 2173 indulyendum
607 2122 669 2160 est
696 2120 845 2161 animo
876 2119 1156 2174 dandumque
1198 2120 1382 2161 subinde
1412 2120 1566 2173 otium,
1610 2120 1725 2174 quod
1753 2119 1955 2160 alimenti

141 2204 191 2232 ae
222 2190 388 2232 virium
420 2190 506 2231 loeo
536 2190 596 2231 sit
624 2215 681 2220 ——-
714 2189 766 2231 cf.
791 2189 1003 2232 Ps.-Plut.
1036 2192 1061 2245 ἡ
1095 2191 1326 2237 ἀνάπαυσις
1351 2195 1436 2232 τῶν
1460 2192 1607 2233 πόνων
1630 2192 1736 2232 ἐστὶν
1761 2192 1950 2243 ἄθυρμα.

141 2261 246 2303 Non
276 2264 422 2315 potest
463 2262 618 2314 negari
660 2261 776 2303 inter
805 2261 1190 2303 Ps.-Plutarchum
1223 2266 1267 2303 et
1298 2262 1512 2305 Senecam
1554 2275 1760 2315 magnam
1801 2259 1953 2301 simili-

141 2332 339 2374 tudinem
369 2331 650 2375 intercedere.
683 2332 877 2375 Senecae
912 2336 1058 2374 autem
1095 2332 1219 2374 locus
1252 2333 1502 2374 accuratius
1534 2332 1668 2374 fontis
1701 2331 1953 2385 inquirendi

143 2403 416 2446 occasionem
459 2403 653 2458 praebet.
695 2403 928 2446 Johannes
969 2403 1022 2446 de
1064 2403 1221 2446 Arnim
1264 2402 1591 2460 (Quellenstud.
1635 2418 1689 2445 zu
1732 2402 1863 2444 Philo
1915 2417 1952 2443 v.

143 2474 270 2516 Alex,
302 2490 345 2529 p.
374 2476 476 2528 130)
508 2478 691 2529 propter
721 2474 1020 2517 liberaliorem
1047 2475 1368 2529 comioremque
1402 2476 1606 2528 animum,
1645 2489 1774 2529 quem
1810 2474 1953 2524 „weit-

142 2545 314 2600 herzige
346 2544 519 2587 Moral“
562 2545 759 2600 appellat
790 2571 847 2576 ——
881 2546 1111 2588 audiamus
1150 2547 1264 2588 enim
1297 2546 1510 2589 Senecam
1542 2546 1570 2588 1.
1603 2546 1630 2587 l.
1664 2548 1688 2588 8
1729 2559 1949 2588 nonnum-

143 2631 278 2671 quam
307 2621 346 2658 et
378 2630 512 2671 usque
542 2617 599 2658 ad
628 2616 870 2658 ebrietatem
902 2617 1195 2659 veniendum!
1231 2642 1286 2647 —
1318 2616 1430 2658 illud
1463 2620 1597 2671 caput
1620 2616 1791 2658 mediae
1818 2616 1951 2658 Stoae

146 2686 276 2740 dat1).
319 2687 415 2730 Nec
448 2686 547 2729 aliis
591 2688 858 2742 argumentis
891 2702 986 2729 eam
1030 2689 1326 2730 coniecturam
1365 2702 1453 2729 non
1496 2687 1674 2742 probari
1706 2691 1831 2741 puto:
1865 2701 1953 2728 non

145 2756 398 2811 discrepant
429 2772 455 2799 a
479 2758 562 2800 tali
582 2758 786 2812 opinione
812 2758 1044 2800 Posidonii
1070 2759 1138 2800 vel
1165 2758 1361 2801 Senecae
1393 2758 1524 2800 verba
1550 2759 1618 2800 De
1644 2759 1710 2799 ira
1735 2758 1784 2799 Π
1817 2759 1886 2808 21,
1915 2760 1953 2809 6,

145 2827 221 2869 ubi
251 2827 368 2869 idem
410 2832 692 2882 praeceptum
736 2829 990 2871 educationi
1034 2833 1234 2883 aptatum
1267 2834 1348 2871 est:
1388 2829 1588 2871 dabimus
1618 2829 1797 2883 aliquod
1828 2829 1949 2870 laxa-

147 2901 353 2951 mentum,
379 2898 425 2940 in
449 2899 656 2940 desidiam
682 2913 778 2941 vero
803 2900 1025 2952 otiumque
1051 2914 1140 2942 non
1170 2902 1430 2942 resolvemus
1462 2904 1506 2941 et
1532 2901 1599 2952 20,
1632 2902 1657 2941 3
1691 2901 1816 2941 lusus
1847 2913 1952 2953 quo-

146 2983 228 3023 que
247 2969 508 3023 proderunt,·
535 2969 702 3011 modica
725 2971 843 3011 enim
880 2971 1078 3025 voluptas
1111 2971 1228 3012 laxat
1253 2971 1425 3012 animos
1455 2974 1495 3012 et
1524 2974 1740 3025 temperat.
1783 2970 1953 3011 Eodem

291 3107 318 3152 ¹)
343 3107 630 3143 Athenodorum
655 3109 796 3153 laudat,
823 3110 885 3154 qui
906 3086 1056 3155 scripsit
1080 3111 1172 3157 περὶ
1198 3109 1375 3156 σπουδῆς
1400 3113 1462 3147 καὶ
1487 3109 1657 3156 παιδιᾶς.
