2138 3438
940 126 1235 168 —48-

2015 0 2138 151 Ἡ

179 269 378 311 oratione
411 269 557 323 exigit,
597 271 942 310 consentaneum
982 270 1049 309 est
1089 270 1157 323 (ut
1186 267 1268 322 Ep.
1301 255 1358 309 46
1396 271 1440 309 et
1469 268 1727 310 concitatam
1755 269 1994 311 orationem
2067 290 2107 317 ‚c

179 344 223 382 et
254 340 378 382 illam
406 340 605 395 inopia-m
629 343 669 382 et
693 340 929 382 exilitatem
953 337 1204 395 improbat).
1238 337 1381 392 Quam
1400 338 1749 381 mediocritatem
1769 353 1822 381 ex
1841 338 1996 393 aliqua

178 411 462 466 philosophia
501 410 698 453 derivare
744 424 848 452 sane
893 425 982 452 non
1021 412 1211 465 oportet;
1262 413 1410 451 tamen
1450 409 1637 452 alicuius
1679 410 1891 453 momenti
1928 413 1995 452 est

180 482 363 524 eandem
397 481 634 524 dictionem
667 482 878 536 optimam
910 481 999 522 iam
1029 480 1323 523 Aristotelem
1357 480 1574 535 statuisse,
1610 480 1740 523 Rhet.
1773 482 1885 524 1404
1905 480 1933 523 b
1965 482 1992 523 3

180 555 360 608 ὡρίσθω
399 555 552 602 λέξεως
591 554 712 608 ἀρετὴ
747 558 863 608 σαφῆ
893 555 995 595 εἶναι
1015 584 1024 593 .
1046 585 1054 594 .
1077 587 1085 595 .
1122 553 1191 595 καὶ
1233 554 1337 607 μήτε
1367 554 1559 608 ταπεινὴν
1590 556 1692 609 μήτε
1723 553 1830 607 ὑπὲρ
1866 553 1912 595 τὸ
1943 555 1992 596 ᾶ-

179 628 333 681 ξίωμα,
379 626 480 668 ἀλλὰ
511 627 770 679 πρέπουσαν.
813 623 1186 665 Luculentissime
1228 627 1376 665 autem
1406 624 1600 665 medium
1645 623 1819 666 dicendi
1855 637 1994 678 genus

179 701 223 738 et
252 698 428 751 μεσότης
459 695 761 750 Peripatetica
795 699 1118 749 componuntur
1149 709 1175 736 a
1202 694 1416 749 Dionysio
1448 694 1594 736 Halic.
1625 713 1667 738 π.
1687 696 1854 738 συνθέσ.
1872 697 1992 751 ὄνομ.

178 769 249 820 24,
287 769 369 810 186
403 768 474 821 (de
506 770 612 822 μέση
651 766 721 809 vel
753 769 954 821 εὔκρατος
986 764 1201 823 σύνθεσις)
1233 768 1335 821 αὕτη
1369 767 1490 809 δοκεῖ
1515 783 1588 822 μοι
1616 767 1665 808 τὰ
1695 773 1878 821 πρωτεῖα
1908 771 1992 809 ἔπι-

178 840 318 894 τηδεία
350 840 451 882 εἶναι
482 840 698 893 φέρεσθαι,
731 839 871 893 ἐπειδὴ
903 839 1079 892 μεσότης
1111 839 1191 892 μέν
1221 839 1278 884 τίς
1303 840 1407 880 ἔστιν
1439 838 1631 893 (μεσότης
1657 838 1703 880 δὲ
1729 839 1753 892 ἡ
1781 838 1903 892 ἀρετὴ
1923 838 1994 880 καὶ

175 913 288 966 βίων
320 911 390 952 καὶ
421 913 562 965 ἔργων
597 908 682 965 [καὶ
712 910 890 964 τεχνῶν]
923 911 984 956 ὡς
1010 909 1274 963 Ἀριστοτέλει
1304 926 1345 951 τε
1376 910 1496 951 δοκεῖ
1522 909 1593 951 καὶ
1610 915 1695 955 τοῖς
1718 909 1869 958 ἄλλοις,
1900 910 1994 952 ὅσοι

177 983 266 1023 κατ’
294 982 455 1038 ἐκείνην
485 981 558 1035 τὴν
590 984 745 1034 αἵρεσιν
777 981 1152 1036 φιλοσοφοῦσινᾫ).
1187 980 1336 1021 Etiam
1364 980 1483 1034 apud
1502 979 1884 1022 Ps.-Plutarchum
1908 979 1993 1022 hoe

176 1052 274 1094 loco
303 1051 496 1094 colorem
527 1051 945 1106 Peripateticum
978 1051 1157 1093 subesse
1184 1050 1458 1105 probabilius
1484 1050 1547 1103 fit,
1581 1050 1617 1092 si
1644 1064 1832 1105 sequens
1857 1064 1992 1093 enun-

174 1124 336 1165 tiatum
368 1123 572 1178 legimus:
615 1124 688 1178 τὴν
720 1124 850 1178 αὐτὴν
882 1124 928 1165 δὲ
959 1125 1150 1178 τυγχάνω
1184 1124 1360 1178 γνώμην
1397 1124 1508 1177 ἔχων
1546 1124 1616 1165 καὶ
1645 1124 1740 1176 περὶ
1769 1127 1840 1178 τῆς
1868 1124 1913 1165 ἐν
1942 1127 1991 1178 τῇ

178 1201 297 1250 ψυχῇ
330 1194 609 1252 διαθέσέωςὲ)
641 1212 677 1236 κ.
698 1213 729 1236 τ.
751 1196 786 1236 λ.
821 1193 941 1249 Quid
973 1194 1088 1236 enim
1123 1194 1208 1236 sibi
1240 1193 1336 1236 vult
1365 1195 1438 1249 τὴν
1469 1192 1620 1249 αὑτήνΡ
1652 1194 1721 1235 Ex
1751 1192 1895 1235 verbis
1926 1207 1991 1235 se-

176 1266 414 1320 quentibus
451 1267 732 1320 perspicuum
771 1270 838 1308 est
869 1270 913 1308 et
950 1280 977 1308 a
1010 1266 1222 1320 scriptore
1266 1264 1491 1307 definitur:
1542 1269 1729 1320 ἔντεχνον
1761 1266 1808 1308 δὲ
1843 1266 1889 1308 τὸ
1919 1266 1992 1320 τὴν

175 1341 307 1393 μέσην
339 1340 382 1380 ἒν
414 1340 544 1380 ἅπασι
574 1340 733 1392 τέμνειν
764 1339 1052 1392 ἐμμελέστατα.
1085 1336 1204 1380 Satis
1236 1337 1391 1378 tritum
1423 1340 1490 1378 est
1520 1350 1618 1378 eam
1643 1336 1991 1378 mediocritatem
2056 1343 2061 1347 “

177 1408 425 1466 (μετριότης)
464 1409 584 1464 apud
615 1409 937 1463 Peripateticos
977 1409 1171 1451 omnium
1208 1411 1419 1450 virtutum
1457 1407 1672 1449 rationem
1704 1407 1850 1450 fuisse.
1894 1407 1987 1449 Ps.-

178 1479 448 1522 Plutarchus
485 1480 674 1522 eundem
708 1480 843 1522 animi
876 1483 1042 1522 statum
1073 1479 1283 1534 postulat,
1331 1494 1417 1533 quo
1450 1480 1633 1521 virtutes
1664 1478 1990 1532 Peripateticae

176 1552 470 1604 continentur,
509 1551 562 1593 cf.
597 1549 721 1593 Stob.
759 1551 856 1593 Ecl.
889 1551 938 1592 II
969 1566 1011 1605 p.
1046 1551 1142 1604 141,
1184 1553 1208 1593 5
1238 1551 1310 1593 W.
1332 1548 1548 1606 ’σώφρονά
1579 1568 1620 1593 τε
1650 1551 1732 1604 γὰρ
1763 1552 1866 1593 εἶναι
1895 1551 2015 1593 οὔτε

177 1624 247 1665 τὸν
285 1624 490 1671 καθάπαξ
526 1624 842 1678 ἀνεπιθύμητον
874 1624 968 1665 οὔτε
999 1624 1070 1665 τὸν
1093 1623 1400 1678 ἐπιθυμητικόν
1425 1625 1469 1664 et
1486 1621 1588 1692 Eth.
1608 1621 1725 1663 Eud.
1750 1621 1811 1663 II.
1832 1621 1946 1663 1220
1961 1620 1989 1663 b

178 1695 233 1736 38
267 1695 414 1748 ἀνδρία
447 1697 512 1735 est
542 1693 823 1736 mediocritas
854 1694 971 1735 inter
1003 1695 1244 1749 θρασύτητα
1277 1707 1328 1735 ac
1361 1694 1523 1744 δειλίαν,
1566 1694 1700 1740 αἰδώς
1729 1693 1844 1735 inter
1874 1695 1989 1736 ἀναι-

176 1767 366 1820 σχυντίαν
392 1769 436 1807 et
461 1764 727 1820 κατάπληξιν,
762 1779 859 1806 cum
891 1764 1221 1809 Ps.-Plutarchi
1238 1764 1390 1807 verbis
1415 1766 1593 1819 θρασύς,
1617 1765 1843 1819 καταπλήξ,
1873 1764 1989 1807 ἀναι-
2012 1790 2014 1793 f

173 1839 352 1891 σχυντία.
390 1835 542 1890 Atque
569 1837 606 1877 si
631 1836 819 1890 posteris
850 1836 1121 1890 temporibus
1155 1836 1275 1891 apud
1305 1835 1593 1890 philosophos
1625 1835 1870 1888 eclecticos‚
1913 1835 1990 1888 qui

173 1910 399 1959 vocantur,
445 1907 797 1950 mediocritatem
829 1908 1058 1962 permagni
1090 1906 1185 1950 fieri
1218 1906 1622 1958 animadvertimus,
1665 1905 1863 1961 Peripati
1891 1905 2009 1947 imi--

171 1979 282 2020 tatio
316 1979 576 2033 plerumque
608 1983 726 2021 recte
759 1979 897 2020 conici
931 1982 1089 2033 potest.
1135 1978 1267 2034 Quod
1306 1982 1422 2021 certe
1460 1979 1507 2022 in
1538 1978 1684 2020 media
1715 1977 1824 2021 Stoa
1860 1977 1989 2030 valet,

174 2050 297 2091 cuius
318 2050 466 2103 opinio
488 2053 631 2091 exstat
651 2049 770 2104 apud
791 2049 987 2092 Oiceron.
1014 2050 1083 2092 De
1105 2050 1174 2092 off.
1194 2050 1218 2092 I
1239 2052 1309 2102 25,
1337 2052 1392 2093 89
1420 2051 1755 2092 mediocritatem
1777 2050 1901 2092 illam
1919 2081 1928 2090 .
1947 2081 1957 2091 .
1977 2083 1986 2092 .

171 2136 284 2176 quae
302 2124 365 2163 est
381 2121 499 2163 inter
516 2121 711 2162 ‘nimium
729 2125 770 2163 et
782 2135 961 2176 parum,
988 2132 1098 2176 quae
1111 2122 1256 2177 placet
1272 2121 1577 2176 Peripateticis
1594 2126 1635 2163 et
1651 2125 1760 2164 reete
1771 2122 1936 2176 placet.
1950 2151 1960 2161 .
1977 2155 1988 2165 .

175 2192 244 2243 (cf.
270 2191 376 2235 ibid.
402 2192 426 2234 Ι
452 2193 521 2245 35,
549 2193 653 2243 129;
687 2193 789 2243 1283
820 2193 891 2244 27,
920 2194 975 2235 93
1003 2192 1115 2249 etc).
1149 2192 1221 2234 Ita
1252 2192 1579 2234 Ps.-Plutarchi
1609 2192 1741 2235 verba
1772 2206 1871 2235 cum
1901 2193 1986 2236 Po·

172 2263 335 2306 sidonii
374 2277 548 2317 quoque
583 2263 789 2318 opinione
826 2263 960 2318 plane
993 2268 1253 2318 congruunt,
1298 2277 1430 2317 quam
1468 2263 1643 2305 exhibet
1675 2262 1889 2316 Galenus,
1933 2263 2011 2306 de·

174 2335 309 2389 Hipp.
354 2338 398 2376 et
439 2335 556 2376 Plat.
602 2335 640 2378 d.
689 2336 772 2377 467
807 2335 864 2377 Κ.
899 2368 907 2376 .
941 2368 950 2376 .
983 2366 991 2378 .
1025 2336 1252 2389 ἐπιθυμίας
1286 2352 1327 2377 τε
1371 2336 1439 2377 καὶ
1481 2336 1638 2389 θυμοῦ,
1674 2336 1773 2390 μήτ’
1801 2338 1988 2390 ἰσχυρῶν

174 2407 452 2461 ὑπαρχόντων
483 2409 601 2462 ἄγαν,
633 2408 728 2461 μήτ’
758 2408 969 2459 ἀσθενῶν,
1006 2400 1109 2462 μήτ’
1134 2408 1346 2461 ὀκνηρῶν,
1375 2407 1470 2461 μήτ’
1498 2406 1713 2460 ἕκφόρων,
1749 2408 1852 2461 μήτε
1887 2407 1986 2449 δυσ-

171 2479 338 2521 πειθῶν
369 2479 482 2524 ὅλως
514 2481 538 2533 ἢ
571 2479 779 2534 ἀκόσμων
816 2481 842 2533 ἢ
874 2479 1083 2534 ὑβριστῶν
1113 2496 1152 2520 κ.
1171 2495 1203 2520 τ.
1221 2478 1255 2519 λ.
1298 2476 1562 2519 Adiciamus
1599 2491 1715 2518 nunc
1749 2476 1801 2519 de
1833 2477 1986 2520 eodem

173 2548 437 2606 philosopho
464 2549 772 2601 testimonium,
807 2563 892 2602 quo
919 2563 1018 2592 eum
1046 2563 1072 2591 a
1100 2548 1425 2591 Ps.-Plutarchi
1449 2548 1767 2603 magnitudinis
1792 2548 1984 2601 notione,

175 2634 263 2674 qua
296 2620 631 2662 admirationem
673 2624 716 2662 et
748 2620 981 2662 audaciam
1012 2621 1155 2675 ipsam
1189 2620 1406 2663 contineri
1437 2634 1571 2674 supra
1604 2619 1821 2674 apparuit,
1862 2618 1985 2662 haud

174 2691 360 2744 multum
406 2690 568 2733 afuisse
601 2691 827 2745 probatur.
873 2692 940 2733 De
975 2692 1068 2734 eius
1110 2691 1285 2734 dicendi
1322 2704 1480 2746 genere
1514 2681 1674 2733 Strabo
1712 2690 1882 2732 iudicat
1910 2690 1985 2732 III

314 2832 342 2876 1)
369 2833 424 2868 De
450 2833 699 2878 Theophrasti
725 2835 764 2868 in
790 2845 832 2869 ea
857 2846 896 2869 re
922 2837 1114 2870 momento
1142 2833 1188 2870 cf.
1215 2833 1354 2878 Kroll.,
1378 2833 1522 2877 Cicero,
1548 2832 1686 2868 Orator
1709 2832 1843 2877 (1913),
1864 2832 1983 2878 praef.

172 2904 207 2936 p.
234 2893 256 2926 4
282 2892 366 2928 adn.
395 2894 427 2936 1,
454 2894 516 2937 qui
537 2894 759 2928 sententiam
777 2905 895 2939 nuper
915 2895 1100 2938 prolatam
1127 2899 1135 2931 (
1143 2893 1295 2935 Stroux,
1316 2893 1372 2928 De
1391 2892 1578 2937 Theophr.
1600 2892 1802 2928 virtutibus
1820 2891 1982 2937 dicendi,

176 2952 294 2996 1912),
334 2964 406 2996 qua
437 2952 586 2987 dicendi
613 2964 791 2998 generum
816 2954 930 2988 trium
956 2953 1259 2988 distributionem
1292 2952 1358 2987 illo
1383 2955 1535 2987 auctore
1562 2955 1682 2986 ortam
1708 2963 1787 2986 esse
1811 2953 1982 2996 negatur,

171 3021 209 3044 re
239 3012 353 3045 udiat.
905 3035 908 3038 ⁴

214 3023 235 3054 p
314 3068 345 3114 ²)
370 3070 476 3105 Stob.
498 3070 581 3107 Ecl.
609 3070 652 3105 II
678 3083 714 3116 p.
733 3072 811 3116 128,
839 3073 879 3107 11
896 3071 958 3108 W.
1000 3071 1062 3115 (de
1076 3071 1284 3117 Peripat0):
1322 3071 1469 3118 ἀρετὴν
1493 3069 1532 3105 δ’
1551 3070 1779 3115 ὠνομάσθαι
1807 3070 1879 3116 τὴν
1903 3071 1981 3114 ἀρί-

171 3136 270 3174 στην
295 3127 474 3164 διάθεσιν
492 3157 499 3164 .
515 3157 522 3165 .
539 3159 546 3169 ,
1444 3130 1466 3146 ’
