2138 3438
971 121 1265 163 -36-

207 261 425 302 rationem
458 261 621 315 optime
649 261 894 317 Chrysippo
928 262 1041 304 fonti
1074 263 1305 304 convenire
1339 262 1620 307 confirmavit.
1654 264 1780 319 Quae
1808 264 2024 319 exempla,

210 346 306 373 cum
338 333 581 386 posteriore
614 335 762 387 quarti
789 347 825 378 a.
847 333 948 376 Chr.
967 347 1008 375 n.
1036 332 1202 375 saeculi
1226 336 1354 388 parte
1382 335 1702 389 contineantur,
1729 350 1755 377 a
1776 335 2024 390 Chrysippo

209 402 356 445 afferri
374 404 570 458 potuisse
590 418 716 446 nemo
736 404 927 459 negabit.
958 403 1162 455 Accedit,
1185 405 1303 459 quod
1324 419 1350 447 a
1368 405 1704 449 PS.-Plutarcho
1736 410 1827 448 tam
1847 407 2022 461 copiose

207 479 485 527 enarrantur,
529 479 580 517 ut
615 475 807 531 Dyroffii
841 476 1094 517 coniectura
1126 475 1484 530 probabilissima
1523 477 1608 520 hac
1639 492 1728 520 una
1766 492 1902 521 causa
1932 477 2022 523 fiat.

209 545 299 589 Sed
332 560 542 601 quaerere
575 547 703 589 nobis
736 547 860 588 licet:
893 547 1000 601 quid
1032 547 1079 588 in
1112 547 1201 590 illis
1233 548 1445 602 exemplis
1478 548 1714 604 Chrysippi
1746 549 1814 591 vel
1847 551 2024 593 omnino

207 617 342 661 Stoae
375 619 591 660 rationem
622 618 819 660 indicat?
851 618 955 660 Meo
989 618 1167 673 quidem
1198 619 1375 673 iudicio,
1407 620 1444 662 si
1464 619 1570 674 quid
1602 633 1654 662 ex
1673 621 1735 663 eis
1757 621 2020 664 concludere
2083 612 2085 614 ¹

206 689 323 742 licet,
365 690 461 732 sola
494 691 685 732 auctoris
719 693 842 731 aetas
876 689 1157 744 aliquatenus
1191 689 1366 732 definiri
1397 695 1562 746 potest;
1611 695 1806 734 ceterum
1839 693 2023 736 cuilibet

206 762 412 816 scriptori
445 761 626 803 attribui
657 762 899 815 possunt1).
931 761 1152 815 Equidem
1176 761 1289 803 tales
1316 776 1399 814 res,
1432 764 1670 818 praecipue
1698 764 1923 806 Theocriti
1953 764 2019 808 fa-

205 833 367 884 bulam,
402 832 604 887 vulgares
636 836 681 875 et
710 835 757 874 in
788 834 1037 887 praeceptis
1072 833 1410 888 comprobandis
1435 835 1609 889 ineptas
1635 849 1730 877 esse
1758 836 2021 879 crediderim

203 918 348 959 neque
392 905 499 946 satis
540 905 772 947 convenire
803 905 1062 946 tractationi
1093 919 1191 947 vere
1222 905 1528 960 philosophae,
1573 910 1690 948 certe
1723 907 1909 949 maximo
1941 907 2018 950 illo

204 979 248 1017 et
280 975 534 1018 doctissimo
566 975 830 1030 philosopho
862 976 1068 1030 indignas
1102 977 1255 1031 esse2).
1287 976 1416 1019 Licet
1436 991 1543 1019 sane
1563 977 1618 1019 de
1636 977 1721 1019 hac
1740 992 1789 1020 re
1809 979 2020 1022 iudicium

204 1047 388 1089 arbitrio
423 1051 556 1101 atque
588 1061 719 1090 sensu
749 1047 1095 1101 uniuscuiusque
1127 1051 1304 1102 proprio
1337 1049 1524 1100 nitatur3
1555 1049 1669 1091 tales
1700 1063 1771 1092 res
1802 1050 1849 1092 in
1878 1050 2019 1105 philo-

203 1118 361 1173 sophia
394 1118 650 1173 subineptas
682 1132 778 1160 esse
811 1119 1013 1161 omnibus
1046 1119 1377 1162 concedendum
1403 1124 1481 1162 est.
1511 1120 1630 1163 Nam
1656 1135 1745 1175 qua
1771 1121 1860 1164 alia
1885 1135 2023 1165 causa·

203 1190 433 1244 adductus,
465 1205 597 1245 quam
628 1194 677 1232 ut
707 1194 1041 1245 praeceptorum
1069 1191 1285 1233 rationem
1310 1192 1373 1234 ita
1400 1192 1622 1246 probaret,
1655 1192 1924 1248 Chrysippus
1943 1207 2019 1236 eas

200 1261 379 1304 fabulas
417 1262 682 1315 narraverit,
724 1261 922 1316 intellegi
965 1276 1054 1304 non
1097 1266 1254 1317 potest.
1312 1262 1454 1318 Quam
1499 1263 1553 1305 ob
1598 1278 1690 1306 rem
1728 1265 1930 1319 equidem
1967 1279 2020 1308 ea

202 1333 402 1388 exempla
428 1348 454 1375 a
475 1333 723 1388 Chrysippo
750 1334 1016 1375 removenda
1035 1337 1079 1375 et
1100 1333 1277 1377 cuilibet
1303 1335 1505 1388 scriptori
1525 1335 1720 1377 eiusdem
1745 1335 1839 1378 fere
1858 1336 2019 1379 aetatis

201 1405 351 1448 danda
384 1419 477 1447 esse
508 1405 721 1459 putarim3
754 1404 831 1446 sed
863 1404 900 1446 si
933 1406 1030 1459 quis
1057 1404 1305 1460 Chrysippo
1332 1406 1419 1458 dat,
1451 1405 1627 1448 aliunde
1652 1406 2019 1450 Ps.-Plutarchus

201 1491 253 1519 ea
284 1476 484 1518 hausisse
516 1479 663 1530 potest
693 1489 834 1530 neque
878 1475 997 1518 illius
1027 1475 1189 1518 librum
1219 1477 1364 1530 ipsum
1395 1479 1564 1519 ‚fontem
1606 1477 1742 1520 fuisse
1781 1493 1863 1532 pro
1896 1483 2017 1522 certo

201 1547 407 1590 concludi
440 1550 626 1602 oportet.
658 1547 728 1588 De
754 1547 999 1602 Eurydices
1025 1547 1239 1602 exemplo,
1273 1562 1359 1602 quo
1387 1547 1577 1603 Dyroffii
1602 1549 1854 1591 coniectura
1878 1549 2018 1592 multo

200 1619 344 1661 minus
377 1631 509 1673 quam
541 1618 724 1672 reliquis
758 1617 929 1660 duobus
961 1619 1128 1672 nititur,
1163 1619 1300 1674 paulo
1338 1624 1440 1674 post
1471 1623 1639 1674 agetur.
1684 1620 1802 1663 Fieri
1836 1621 2016 1664 tandem

198 1694 359 1746 potest,
393 1694 442 1732 ut
473 1689 709 1745 Chrysippi
743 1693 1048 1745 quaestionem
1080 1689 1303 1733 finiamus:
1349 1705 1459 1746 quas
1491 1691 1782 1746 cogitationes
1812 1692 2015 1736 Ps.-Plu·

196 1763 342 1805 tarchi
374 1761 536 1805 Stoicis
568 1762 673 1804 dare
705 1775 951 1816 possumus,
984 1761 1157 1804 mediae
1187 1776 1522 1817 nonnumquam
1555 1761 1690 1805 Stoae
1722 1763 1912 1806 colorem
1943 1778 2016 1806 ex-

197 1833 365 1876 hibent.
406 1833 532 1889 Quae
565 1847 696 1887 quam
728 1832 869 1876 multa
899 1834 945 1875 in
977 1833 1161 1888 singulis
1193 1834 1323 1876 rebus
1356 1847 1451 1876 cum
1486 1833 1733 1890 Chrysippo
1767 1836 2016 1878 communia

196 1905 415 1956 habuerit,
449 1919 539 1946 non
571 1918 742 1959 semper
773 1919 855 1959 pro
882 1909 1002 1946 certo
1030 1905 1265 1947 diiudicari
1291 1909 1437 1959 potest
1460 1919 1602 1960 neque
1628 1906 1813 1948 multum
1840 1907 1898 1949 ad
1922 1921 2015 1949 rem

197 1978 401 2032 pertinet,
434 1977 539 2030 quia
564 1975 1006 2018 Ps.-Plutarchum
1034 1976 1328 2031 Chrysippo
1360 1977 1525 2031 ipsum
1556 1976 1630 2019 nil
1663 1977 1851 2020 debere
1883 1991 1936 2020 ex
1961 1992 2013 2021 eo

196 2047 430 2091 verisimile
474 2047 688 2098 redditur,
735 2047 854 2100 quod
896 2047 942 2089 in
978 2052 1073 2089 tota
1112 2047 1373 2090 eruditionis
1411 2048 1690 2091 institutione
1722 2052 1766 2091 et
1796 2048 2016 2092 educandi

195 2119 376 2161 notione
410 2118 673 2172 discrepant.

341 2189 561 2245 Quoniam
600 2193 692 2231 tam
736 2203 867 2243 saepe
910 2189 1130 2231 mediam
1171 2189 1347 2232 Stoam
1390 2191 1620 2242 iactamus,
1663 2191 1715 2233 de
1754 2205 1806 2234 ea
1838 2205 2013 2246 quoque

194 2277 313 2304 nunc
364 2262 615 2304 accuratius
663 2260 975 2315 inquirendum
1025 2265 1101 2303 est.
1158 2261 1422 2304 Panaetium
1473 2266 1549 2304 aut
1598 2262 1887 2305 Posidonium
1936 2265 2016 2305 aut

197 2348 461 2388 quemquam
482 2331 743 2384 Stoicorum,
766 2333 841 2387 qui
854 2336 955 2386 post
970 2332 1262 2387 Chrysippum
1282 2336 1419 2385 erant,
1441 2332 1493 2375 de
1508 2333 1769 2375 educatione
1785 2334 2012 2388 scripsisse

194 2418 283 2447 non
315 2404 530 2446 traditum
561 2408 639 2446 est.
673 2403 840 2445 Tamen
872 2407 974 2445 ante
1008 2417 1156 2445 omnes
1188 2404 1531 2446 Posidonium
1563 2404 1616 2446 de
1642 2419 1694 2446 ea
1719 2418 1765 2446 re
1797 2405 2012 2447 nonnulla

194 2476 429 2532 protulisse
461 2475 592 2517 facile
623 2475 849 2530 probatur.
889 2474 1052 2517 Galeni
1083 2476 1198 2517 enim
1229 2476 1479 2517 testimonio
1512 2474 1601 2532 (De
1626 2475 1764 2530 Hipp.
1797 2479 1842 2517 et
1871 2475 1937 2518 Pl.
1969 2476 2010 2520 d.

194 2564 244 2602 ps
267 2549 353 2591 466
373 2547 438 2602 K)
469 2547 516 2589 in
542 2547 657 2589 libro
690 2549 784 2601 περὶ
809 2548 966 2589 παθῶν
991 2548 1132 2601 primo
1161 2546 1380 2589 educandi
1404 2547 1725 2589 institutionem
1751 2548 2010 2602 composuit,

337 2701 363 2747 ¹)
388 2701 513 2736 Immo
538 2700 695 2736 fortasse
722 2700 918 2736 Schickius
944 2704 1045 2736 recte
1073 2703 1210 2742 censet,
1237 2702 1300 2745 qui
1325 2713 1360 2746 p.
1375 2702 1420 2736 42
1455 2701 1539 2736 adn.
1567 2702 1611 2737 76
1637 2701 1730 2736 haec
1755 2702 1886 2736 scribit
1913 2702 2009 2747 „Dy-

192 2761 267 2796 roff
285 2787 293 2796 .
314 2787 322 2796 .
344 2788 352 2796 .
377 2760 495 2795 findet
520 2773 557 2796 es
579 2760 798 2806 auffallend,
826 2761 899 2795 dass
914 2760 1094 2797 PS.-Plut.
1121 2764 1230 2796 unter
1250 2761 1375 2796 seinen
1394 2760 1644 2795 historischen
1657 2760 1869 2806 Beispielen
1887 2762 2008 2796 mehr-

190 2820 277 2855 fach
303 2823 407 2855 sonst
435 2820 700 2855 Unbekanntes
726 2820 865 2866 bringt.
894 2820 968 2854 Das
993 2820 1117 2855 reiche
1137 2820 1440 2865 Belegmaterial,
1467 2820 1533 2855 das
1559 2820 1624 2855 der
1643 2819 1838 2865 Peripatos
1865 2820 2008 2855 iiber-all

191 2880 395 2925 sammelte,
421 2879 513 2914 wird
533 2879 611 2914 ihm
632 2879 726 2914 auch
747 2879 808 2913 fiir
834 2879 892 2914 die
906 2879 1244 2925 Erziehungslehre
1268 2892 1313 2914 zu
1328 2879 1452 2914 Gebot
1470 2879 1675 2924 gestanden
1694 2879 1849 2914 haben.“
1876 2879 2008 2925 Neque

191 2937 361 2982 profecto
384 2939 473 2983 quid
492 2939 627 2983 obstet,
653 2939 846 2984 intellego,
873 2940 963 2983 quin
988 2939 1056 2973 illa
1082 2940 1253 2984 exempla
1282 2941 1345 2974 aut
1371 2950 1393 2973 a
1417 2938 1671 2983 Peripatetico
1699 2938 1861 2984 quodam
1885 2938 2007 2983 philo-

191 2997 306 3041 sopho
334 3001 399 3032 aut
425 3009 446 3032 a
472 2998 671 3043 Chrysippi
698 3000 882 3033 sectatore
908 2999 1108 3033 memoriae
1134 2998 1234 3033 tradi
1259 2999 1461 3043 potuerint.

334 3068 363 3112 2)
390 3068 445 3103 Of.
472 3068 690 3104 Schickium
728 3081 761 3114 p.
788 3071 831 3106 41
874 3069 957 3104 adn.
985 3071 1042 3114 75,
1081 3062 1144 3114 qui
1183 3069 1279 3105 hanc
1317 3072 1463 3115 partem
1496 3072 1538 3104 ut
1571 3070 1662 3105 alias
1694 3072 1820 3115 partes
1850 3068 2006 3105 fusiores

191 3128 226 3170 (2
243 3126 346 3161 D-3
362 3127 403 3171 B,
429 3127 585 3172 40—F,
615 3128 658 3164 12
673 3128 751 3162 D—
767 3128 809 3173 F,
838 3129 881 3164 13
901 3128 944 3175 F)
972 3140 992 3163 a
1019 3129 1225 3174 Chrysippo
1250 3132 1430 3164 removet.
