2138 3438
1978 0 2138 113 ὲκ

2092 113 2138 133 s-“Q

211 271 290 311 per
310 271 355 299 se
375 256 656 299 tractandum
677 271 770 299 esse
790 257 979 310 videtur;
1007 271 1096 299 non
1122 239 1237 299 enim
1263 258 1346 300 soli
1370 258 1669 317 philosophil)
1697 261 1761 303 ita
1780 261 2031 317 censebant,
2104 301 2118 306 „

214 329 290 370 sed
320 328 514 383 vulgaris
546 328 761 370 sermonis
794 327 916 370 locus
950 329 1192 371 communis
1219 333 1326 371 erat.
1364 328 1497 385 Quod
1523 345 1653 386 quam
1678 331 1858 387 vulgare
1882 331 2032 384 fuerit,

214 400 402 454 scriptor
445 400 537 454 ipse
576 399 807 454 proverbio
850 402 922 455 τὴν
959 401 1063 443 κατὰ
1094 402 1242 443 σαυτὸν
1274 403 1345 444 ἔλα
1385 402 1656 456 comprobat.
1699 403 1769 445 De
1801 403 2030 447 mulierum

212 470 330 513 fastu
363 485 414 513 30
447 471 667 526 superbia,
702 485 790 525 qua
823 471 987 513 divitiis
1020 471 1110 513 suis
1141 472 1264 513 nisae
1295 473 1479 515 maritos
1511 473 1590 516 sub
1616 478 1881 529 potestatem
1907 489 2030 519 suam

212 543 487 598 redigebant,
513 543 728 597 imprimis
751 543 917 597 posteri
943 542 1216 597 temporibus
1237 543 1450 586 Romanis
1470 544 1668 588 homines
1683 546 2031 604 querebantur.²)

213 614 302 657 Hic
334 614 522 669 scriptor
554 614 599 655 in
633 627 686 655 ea
718 627 764 655 re
796 613 907 655 nihil
939 612 1120 668 profert,
1153 614 1272 668 quod
1302 628 1391 657 non
1428 615 1629 658 omnibus
1658 617 1929 672 temporibus
1955 631 2030 672 ap-

213 690 306 728 tum
337 685 486 728 fuerit.
530 686 585 727 In
616 685 867 739 praeceptis
902 685 955 727 de
986 685 1267 728 matrimonio
1303 687 1561 741 compositis
1593 687 1850 731 electionem
1881 689 2031 732 uxoris

213 757 442 812 permagni
472 757 683 798 momenti
714 756 850 798 fuisse
883 761 1224 799 consentaneum
1257 756 1380 813 est3).
1413 756 1538 812 Quae
1565 773 1699 801 causa
1731 760 1799 811 sit,
1833 773 1910 802 cur
1938 764 2032 802 tam

215 828 448 882 diligenter
486 828 578 870 eius
616 828 680 870 rei
718 822 825 870 cura
862 827 1094 880 habeatur,
1141 828 1414 881 Aristotelis,
1454 833 1504 871 ut
1540 829 1785 885 exemplum
1817 830 2031 884 adferam,

214 904 450 954 praecepto
484 899 705 952 discimus,
750 898 844 941 Pol.
877 899 971 943 VII
1012 901 1124 941 1335
1145 898 1173 941 b
1208 901 1282 942 30:
1327 898 1400 956 (de
1433 900 1563 942 nimis
1602 901 1950 944 adulescentium
1980 916 2034 945 ac

214 972 344 1013 nimis
376 975 570 1012 veterum
602 974 836 1025 parentum
868 969 1039 1028 liberis)
1079 972 1127 1014 τὰ
1172 973 1416 1027 ἔκγονα...
1461 973 1584 1027 ἀτελῆ
1624 974 1797 1028 γίγνεται
1838 975 1909 1016 καὶ
1949 979 2034 1021 τοῖς

214 1045 381 1099 σώμασι
413 1044 482 1085 καὶ
513 1047 598 1089 ταῖς
631 1044 842 1090 διανοίαις.
877 1040 1021 1084 Simili
1052 1042 1182 1084 modo
1209 1042 1572 1085 Ps-Plutarehus
1599 1057 1696 1086 cum
1722 1044 1776 1086 de
1801 1048 2034 1099 parentum

215 1114 473 1157 condicione
505 1113 780 1168 praescribit,
824 1128 912 1156 non
952 1113 1093 1155 solum
1130 1113 1268 1168 prolis
1300 1113 1530 1156 infamiam
1567 1115 1760 1169 respicit,
1792 1115 1870 1158 sed
1901 1116 2034 1158 etiam

217 1186 386 1228 animos
406 1185 644 1227 liberorum
666 1184 840 1227 defectu
861 1184 1011 1239 aliquo
1038 1199 1189 1227 revera
1215 1184 1333 1227 affici
1359 1200 1411 1228 30
1439 1185 1661 1228 debilitari
1692 1186 2034 1241 intellegendum

218 1262 294 1300 est.
325 1257 442 1299 Nam
468 1257 602 1298 verba
630 1258 651 1298 1
676 1256 715 1298 Β
744 1258 814 1299 καὶ
834 1290 842 1299 .
865 1290 872 1298 .
894 1290 902 1298 .
924 1258 972 1299 τὰ
1003 1259 1255 1312 φρονήματα
1277 1290 1284 1298 .
1305 1287 1315 1297 .
1335 1289 1345 1299 .
1374 1258 1634 1312 σφάλλεσθαι
1652 1260 1722 1301 καὶ
1740 1251 2037 1302 τάπεινοῦσθαι

215 1331 378 1383 πέφυκε
397 1327 496 1382 plus
522 1327 682 1379 valent,
713 1342 845 1382 quam
873 1328 992 1382 quod
1011 1328 1240 1382 Euripidis
1256 1327 1454 1370 versibus
1475 1329 1759 1383 sequentibus
1779 1328 2035 1383 illustratur,

216 1400 376 1455 quibus
407 1404 641 1454 parentum
672 1399 790 1441 vitiis
821 1403 966 1441 mente
993 1399 1132 1453 premi
1157 1398 1452 1454 humilemque
1478 1399 1575 1442 fieri
1598 1399 1736 1442 filium
1762 1401 2035 1456 exprimitur:

216 1471 319 1514 talis
349 1471 541 1513 hominis
576 1471 769 1513 animum
802 1484 854 1513 30
886 1469 1123 1513 facultates
1155 1470 1318 1513 similes
1345 1485 1440 1513 esse
1466 1472 1679 1514 nascendi
1705 1472 2037 1515 condicionibus

217 1542 430 1585 indicant.
464 1542 588 1584 Idem
616 1541 689 1583 ille
714 1541 839 1584 100118
864 1541 1066 1584 Platonis
1092 1542 1382 1602 imitationem
1407 1543 1687 1597 perspicuam
1711 1543 1910 1598 praebet;
1934 1557 2037 1586 nam

218 1614 354 1656 verba
385 1618 471 1656 τῶν
501 1615 744 1669 ὑπόχαλκον
777 1614 846 1656 καὶ
877 1615 1077 1669 κίβδηλον
1108 1615 1291 1668 ἑχόντων
1327 1615 1373 1656 τὸ
1410 1616 1530 1669 γένος
1562 1613 1691 1656 aliter
1722 1613 1920 1670 intellegi
1949 1628 2039 1658 non

218 1700 347 1740 posse
394 1684 671 1737 crediderim,
722 1685 809 1727 nisi
845 1689 896 1726 ut
925 1683 1058 1727 Plato
1098 1685 1328 1739 usurpavit
1358 1684 1454 1727 Pol.
1488 1685 1563 1727 III
1594 1686 1680 1728 415
1700 1684 1759 1738 A,
1792 1685 1832 1728 B
1863 1689 2039 1741 ἔκγονος

217 1758 459 1812 ὑπόχαλκος
503 1759 529 1811 ἢ
574 1757 843 1811 ὑποσίδηρος.
889 1754 1170 1810 Quamquam
1201 1756 1336 1810 igitur
1373 1756 1456 1798 hoc
1487 1756 1584 1799 loco
1615 1756 1818 1799 Platonis
1849 1757 2038 1800 imitatio
2076 1744 2082 1748 ’

219 1827 459 1870 manifesta
504 1831 582 1879 est,
627 1831 776 1870 tamen
819 1826 932 1869 tales
967 1827 1198 1882 opiniones
1235 1841 1324 1869 non
1355 1826 1437 1869 ulli
1475 1828 1646 1870 auctori
1677 1828 1883 1883 propriae
1915 1829 2040 1871 attri-

220 1899 422 1941 buendae
461 1912 556 1941 esse
594 1898 811 1950 videntur,
861 1899 1070 1953 quoniam
1108 1912 1220 1953 quae
1252 1898 1619 1942 Ps.-Plutarchus
1651 1899 1879 1942 contendit
1909 1900 2038 1942 Euri-

219 1970 423 2025 pidisque
463 1969 605 2011 verbis
639 1969 912 2024 comprobat,
956 1970 1051 2012 sine
1086 1969 1218 2012 dubio
1251 1969 1506 2025 vulgariora
1538 1975 1675 2013 erant.
1724 1970 1874 2026 Atque
1904 1971 2038 2026 paulo

220 2041 355 2083 latius
399 2041 470 2083 1110
503 2041 793 2095 repetendum
826 2055 920 2082 esse
953 2041 1138 2090 videtur,
1183 2042 1393 2096 quoniam
1432 2041 1511 2084 illa
1541 2041 1866 2085 Ps.-Plutarchi
1907 2042 2042 2086 verba

222 2113 451 2167 opiniones
485 2112 665 2154 maioris
692 2112 901 2154 momenti
921 2112 1152 2166 attingunt.
1184 2112 1302 2155 Nam
1330 2112 1575 2155 doctrinam
1602 2113 1801 2156 redolere
1827 2114 2046 2165 videntur,⁴

222 2198 311 2238 qua
341 2183 580 2225 liberorum
613 2183 810 2238 corporis
848 2187 980 2237 atque
1014 2183 1149 2224 animi
1181 2182 1416 2226 facultates
1454 2200 1476 2226 e
1507 2188 1742 2238 parentum
1781 2185 2041 2228 condicione

223 2255 486 2297 derivantur.
522 2256 584 2296 De
611 2269 699 2309 qua
724 2268 769 2296 re
799 2253 1043 2307 Schickius‚
1072 2254 1263 2296 Favorin
1294 2256 1389 2309 περὶ
1419 2257 1588 2298 παίδων
1612 2262 1774 2311 τροφῆς
1803 2255 1839 2298 Ι.
1865 2257 2040 2311 copiose

223 2327 321 2381 egit.
366 2326 578 2368 Favorini
621 2326 884 2368 sententiam
943 2326 1030 2382 (ap.
1080 2324 1196 2368 Gell.
1233 2325 1289 2369 N.
1321 2324 1377 2367 A.
1417 2326 1529 2378 XII,
1571 2328 1610 2378 1,
1652 2327 1706 2368 14
1763 2327 2042 2380 quamobrem

221 2412 312 2440 non
335 2399 509 2453 frustra
534 2397 749 2440 creditum
779 2401 852 2452 est,
878 2398 1013 2439 sicuti
1038 2398 1180 2440 valeat
1202 2398 1259 2439 ad
1271 2397 1503 2452 finyendas
1527 2398 1720 2453 eorporis
1744 2401 1872 2453 atque
1897 2398 2043 2441 animi

221 2469 541 2511 similitudines
571 2469 638 2511 vis
669 2473 709 2511 et
741 2472 907 2511 natura
937 2469 1118 2511 seminis
1149 2468 1239 2524 ete.)
1275 2467 1522 2511 Stoicorum
1556 2468 1769 2522 doctrina,
1802 2483 1914 2524 quae
1947 2473 2044 2511 erat

225 2539 278 2582 de
304 2540 587 2594 generatione
608 2544 652 2582 et
672 2539 849 2582 seminis
870 2543 1046 2589 natura,
1070 2539 1154 2582 niti
1173 2539 1414 2582 rectissime
1435 2539 1694 2594 comprobat
1705 2542 1763 2594 (p.
1779 2542 1805 2582 6
1827 2539 1928 2583 31111.
1949 2540 2040 2598 11);

367 2645 394 2689 1)
423 2645 469 2680 cf.
495 2645 644 2681 Platon.
671 2646 762 2692 Leg.
789 2646 919 2682 7740:
960 2647 989 2680 si
1016 2646 1082 2681 dos
1116 2645 1298 2690 aboletur,
1330 2646 1441 2693 ὕβρις
1470 2644 1588 2691 ἦττον
1617 2647 1768 2692 γυναιξὶ
1793 2648 1856 2682 καὶ
1881 2645 2042 2683 δουλεία

225 2705 389 2751 ταπεινὴ
409 2706 473 2740 καὶ
495 2707 763 2752 ἀνελεύθερος
778 2732 786 2740 .
801 2731 809 2740 .
827 2732 835 2740 .
856 2712 940 2751 τοῖς
958 2707 1103 2751 γήμασι
1122 2696 1288 2751 γίγνοὶτ’
1308 2707 1358 2740 ἄν
1380 2704 1572 2748 (Ps.-P1ut.
1591 2710 1674 2741 τῶν
1685 2711 1866 2752 προικῶν
1878 2705 2043 2751 δοῦλοι),

226 2764 384 2798 Aristot,
412 2764 499 2798 Eth.
526 2764 608 2799 Nic.
637 2764 738 2800 VIII
766 2765 893 2800 1161a
934 2765 950 2800 1
984 2766 1113 2801 ἐνίοτε
1144 2764 1192 2801 δὲ
1222 2767 1381 2811 ἄρχουσι
1413 2766 1452 2800 αἱ
1484 2771 1671 2810 γυναῖκες
1700 2766 1906 2812 ἐπίκληροι
1930 2764 2044 2802 οὖσαι

227 2849 234 2858 .
258 2851 264 2858 .
284 2822 348 2858 διὰ
373 2824 549 2859 πλοῦτον
574 2826 637 2860 καὶ
664 2823 840 2869 δύναμιν,
865 2823 1068 2859 Iamblich.
1094 2824 1149 2859 De
1170 2836 1203 2859 v.
1223 2824 1331 2868 Pyth.
1351 2824 1397 2860 84
1414 2824 1563 2870 χρυσὸν
1583 2825 1724 2870 ἐχούσῃ
1740 2824 1793 2870 μὴ
1812 2826 2043 2871 πλησιάζειν

226 2884 291 2918 ἐπὶ
317 2885 557 2929 τεκνοποιίᾳ,
584 2884 667 2918 alia.

369 2941 399 2986 ²)
426 2942 474 2977 cf.
502 2942 675 2987 Scffltze,
695 2943 884 2978 Iuvenalis
906 2943 1062 2988 ethicus,
1087 2954 1118 2978 0.
1143 2942 1242 2979 VIII
1270 2942 1513 2989 ,feminarum
1537 2943 1642 2978 vitia'
1670 2946 1708 2978 et
1727 2943 1895 2979 Iuvenal.
1920 2954 2041 2988 praec.

228 3012 255 3035 s.
281 3000 339 3035 VI
368 3001 446 3045 161,
475 3003 554 3038 139.

370 3060 398 3104 3)
423 3059 650 3105 Xenophon,
682 3060 796 3096 Mem.
828 3060 870 3096 II
896 3062 928 3106 2,
961 3063 984 3096 4
1016 3063 1186 3108 φανεροὶ
1217 3060 1260 3096 δ’
1280 3062 1403 3107 ἐσμὲν
1427 3062 1490 3097 καὶ
1519 3063 1796 3107 σκοπούμενοι,
1820 3063 1866 3108 ἐξ
1889 3062 2043 3098 ὁποίων

228 3120 276 3153 ἂν
301 3125 502 3164 γυναικῶν
525 3121 710 3165 βέλτιστα
735 3121 824 3165 ἡμῖν
850 3122 969 3156 τέκνα
994 3122 1163 3167 γένοιτο,
1191 3118 1254 3167 αἶς
1278 3121 1542 3166 συνελθόντες
1566 3122 1913 3167 τεκνοποιούμεθα.
