2138 3438
930 103 1225 145 „43-

170 243 344 286 videtur
368 246 425 275 -’
453 257 510 286 an
536 247 662 286 sonet
689 277 707 296 „
718 244 907 299 verbum,
936 244 1204 287 orationem“
1236 247 1280 286 et
1305 244 1550 287 docendum
1574 245 1983 302 institutionemque

169 314 402 370 significet.
433 315 588 370 Λόγος,
623 315 661 356 si
693 314 879 357 alteram
925 314 1290 370 significationem
1334 320 1597 371 spectamus,
1632 332 1657 359 a
1690 317 1984 371 rhetoribus1)

169 386 398 440 permagni
422 385 575 438 fiebat,
597 386 760 441 quippe
782 387 901 441 quod
921 387 1150 429 erudiendi
1175 387 1514 430 instrumentum
1536 388 1593 429 sit
1612 387 1666 445 (v.
1689 387 1985 443 Grassberger,

168 456 270 499 ΕΓΖ.
302 472 343 498 11.
376 457 481 499 Unt.
514 472 548 499 v.
579 457 629 500 II
660 473 701 512 p.
733 460 839 510 2823
869 458 1007 500 latine
1040 473 1150 509 „vox
1193 458 1357 516 vivff).
1399 459 1559 514 Itaque
1592 461 1716 514 λόγος
1747 464 1791 501 et
1820 462 1984 503 παιδεία

170 541 301 582 saepe
347 528 589 583 iunguntur
637 530 690 583 (v,
734 529 1071 584 Wyttenbachii
1115 529 1346 586 exempla),
1394 530 1692 582 conferantur,
1738 545 1851 584 quae
1895 531 1983 573 Dio

167 598 506 653 Chrysostomus
539 600 715 654 copiose
742 601 922 654 exponit
947 615 1007 643 or.
1036 602 1088 642 18
1117 601 1230 656 (περὶ
1253 602 1379 656 λόγου
1405 601 1656 658 ἀσκήσεως);
1689 603 1854 645 παιδεία
1882 606 1983 643 ante

89 717 93 721 ,
165 671 317 712 omnia
350 670 395 712 in
426 672 567 726 λόγου,
600 671 811 714 orationis
843 672 1110 726 perfectione
1144 672 1229 714 sita
1256 675 1335 714 est.
1369 671 1493 727 Quae
1520 673 1737 715 sententia
1766 677 1984 726 quantum

170 741 418 784 rhetoribus
451 746 557 797 apta
589 742 658 795 sit,
705 747 904 797 apparet.
938 742 1098 785 Altera
1129 744 1308 786 notione
1339 745 1463 799 λόγος
1494 744 1540 785 111
1573 744 1718 786 animo
1752 748 1818 785 est
1850 748 1983 798 atque

167 812 425 867 plerumque
470 813 586 855 idem
630 818 758 856 sonat
789 829 841 856 ac
872 819 972 861 νοῦς
1003 814 1071 856 vel
1114 815 1262 869 potius
1301 829 1432 869 saepe
1465 829 1563 856 cum
1602 829 1652 857 eo
1685 815 1851 869 pariter
1882 829 1984 857 con-

169 883 384 938 iungitur;
414 885 476 926 ita
498 898 669 940 semper
692 885 785 927 fere
807 900 833 927 a
860 884 1022 928 Stoicis
1049 885 1347 943 usurpatur2).
1377 885 1607 928 Facillime
1628 886 1827 941 intellegi
1845 887 1986 941 possit

165 957 360 998 παιδείαν
384 955 698 1010 perfectionem
724 958 848 1012 λόγου
874 958 943 1000 καὶ
969 962 1059 1008 νοῦ,
1089 957 1275 999 rationis
1302 971 1353 999 ac
1378 958 1551 1009 mentis,
1586 958 1848 1012 sapientiam
1875 973 1983 1000 esse.

103 1022 108 1026 ⁴
169 1025 258 1068 Sed
301 1026 627 1069 Ps.·Plutarchi
669 1029 804 1084 λόγος,
850 1029 924 1082 qui
967 1034 1026 1084 τῷ
1069 1034 1132 1083 νῷ
1177 1028 1399 1071 subiectus
1444 1029 1502 1070 sit
1543 1043 1685 1083 neque
1730 1030 1916 1083 pariter'
1939 1030 1984 1071 in

166 1097 293 1139 initio
327 1098 503 1151 quidem
529 1113 627 1141 cum
659 1113 710 1141 eo
749 1100 1058 1154 coniungatur,
1091 1101 1335 1142 orationem
1373 1100 1620 1155 significare
1655 1100 1839 1153 videtur,
1886 1116 1984 1143 cum

166 1173 211 1211 et
243 1169 353 1211 alias
383 1169 604 1213 rhetorica
634 1170 804 1213 ratione
836 1171 882 1212 in
907 1170 1155 1212 eruditione
1180 1171 1399 1214 laudetur,
1428 1170 1494 1213 At
1520 1186 1597 1213 cur
1622 1173 1810 1227 scriptor
1837 1172 1985 1214 omnia

166 1239 256 1293 illa,
301 1254 411 1295 quae
442 1241 507 1282 ita
550 1241 857 1284 subaudienda
887 1246 1003 1293 sunt,
1046 1256 1136 1284 non
1180 1243 1274 1297 ipse
1319 1243 1533 1297 exposuit,
1577 1257 1689 1296 quae
1728 1247 1819 1285 tam
1850 1242 1983 1286 facile

165 1325 220 1353 ac
263 1311 495 1367 magnifice
535 1312 760 1355 rhetorum
792 1313 880 1354 ritu
923 1313 1163 1356 declamari
1206 1313 1440 1368 poterant?
1486 1314 1576 1357 Cur
1608 1328 1741 1368 porro
1772 1315 1982 1369 proximis

163 1382 308 1425 verbis
339 1385 464 1439 λόγον
493 1384 557 1426 ita
593 1388 791 1438 usurpat,
836 1388 885 1426 ut
924 1385 1010 1426 nisi
1055 1385 1226 1427 animus
1265 1384 1462 1440 intellegi
1504 1399 1594 1427 non
1627 1384 1795 1440 possit?
1841 1384 1984 1440 Quam

166 1453 224 1496 ob
255 1468 346 1496 rem
391 1454 594 1509 equidem
638 1456 763 1510 λόγον
807 1459 899 1498 toto
943 1455 1040 1498 loco
1073 1457 1119 1497 in
1151 1460 1294 1498 mente
1332 1456 1586 1510 ponendum
1619 1470 1714 1499 esse
1745 1460 1871 1511 puto:
1905 1457 1983 1499 sed

164 1519 290 1579 λόγος
321 1530 365 1567 et
395 1531 495 1573 νοῦς
539 1525 736 1569 diversae
781 1527 917 1569 animi
961 1531 1110 1581 partes
1155 1528 1254 1569 sint.
1305 1527 1436 1583 Quod
1466 1528 1538 1570 vix
1581 1527 1676 1570 fieri
1708 1531 1866 1582 potest,
1898 1528 1984 1569 nisi

165 1594 425 1639 Aristotelis
457 1597 760 1651 imitationem,
793 1599 992 1652 quamvis
1025 1598 1267 1651 obscuram,
1300 1599 1550 1652 conicimus,
1582 1613 1709 1653 quem
1741 1599 1858 1640 inter
1882 1603 1983 1642 νοῦν

164 1670 212 1708 et
236 1668 362 1722 λόγον
388 1667 640 1710 distinxisse
666 1668 741 1720 ita,
773 1673 821 1710 ut
851 1674 950 1716 νοῦς
976 1669 1174 1723 superior
1199 1671 1269 1722 sit,
1298 1670 1526 1727 constatss).
1557 1669 1633 1712 Ad
1658 1669 1982 1713 Ps.-Plutarchi

168 1737 300 1780 verba
333 1741 402 1781 καὶ
429 1741 506 1781 δύο
533 1771 542 1781 .
569 1772 578 1781 .
605 1774 613 1782 .
646 1742 880 1794 κυριώτατα
906 1758 944 1782 κ.
970 1758 1000 1781 τ.
1027 1743 1060 1783 λ.
1087 1745 1398 1794 comparentur
1422 1740 1606 1783 Aristot.
1627 1740 1720 1783 Pol.
1750 1740 1904 1782 1334b
1930 1743 1980 1783 15

167 1812 194 1852 ὁ
225 1811 272 1852 δὲ
304 1811 427 1864 λόγος
468 1813 568 1865 ἡμῖν
611 1812 680 1854 καὶ
720 1812 744 1853 ὁ
776 1816 875 1858 νοῦς
913 1818 984 1867 τῆς
1026 1813 1197 1868 φύσεως
1239 1813 1365 1863 τέλος,
1399 1815 1504 1856 ὥστε
1547 1816 1653 1867 πρὸς
1696 1814 1868 1859 τούτους
1910 1814 1982 1868 τὴν

165 1883 323 1937 γένεσιν
367 1883 437 1923 καὶ
478 1884 551 1937 τὴν
593 1887 678 1924 τῶν
720 1884 838 1925 ἐθῶν
882 1885 947 1925 δεῖ
987 1885 1320 1937 παρασκευάζειν
1361 1887 1550 1939 μελέτηνῑ
1596 1885 1815 1926 sententia
1851 1883 1982 1938 plane

164 1952 323 1994 eadem
356 1957 434 2001 est,
465 1959 564 2000 νοῦς
590 1957 634 1996 et
664 1955 786 2010 λόγος
818 1954 1077 1997 eruditionis
1102 1954 1203 1997 finis
1229 1959 1341 1998 sunt.
1374 1954 1658 1998 Consimilem
1690 1955 1982 1998 differentiam

165 2037 252 2065 uno
294 2028 523 2077 praeterea
554 2024 652 2067 loco
686 2026 871 2079 repperi,
918 2039 970 2067 ex
995 2024 1222 2080 Archytae
1260 2025 1373 2068 libro
1405 2028 1500 2081 περὶ
1537 2030 1686 2083 σοφίας
1722 2027 1769 2068 111
1800 2026 1980 2068 Iambli-

165 2094 238 2136 chi
257 2095 401 2138 Protr.
429 2109 463 2137 c.
485 2097 511 2136 4
530 2111 570 2150 p.
592 2098 647 2138 40
662 2095 707 2137 K
733 2098 831 2143 νόος
856 2099 1012 2144 ὕπατος
1036 2098 1148 2153 λόγω
1170 2098 1239 2140 καὶ
1265 2099 1461 2150 διανοίας,
1488 2097 1561 2139 ubi
1587 2099 1709 2153 λόγος
1735 2098 1980 2140 orationem

163 2165 412 2220 significare
442 2181 531 2209 non
562 2170 720 2221 potest.
744 2162 901 2210 'ouius
933 2167 1018 2222 loci
1061 2167 1252 2210 colorem
1285 2168 1630 2222 Peripateticum
1663 2169 1860 2210 conicere
1892 2184 1980 2210 non

165 2241 233 2279 est
276 2236 512 2293 difficile4).
573 2238 956 2281 Ps.-Plutarchum
999 2239 1132 2292 igitur
1176 2240 1438 2282 sententiam
1476 2238 1881 2281 Aristotelicam
1912 2239 1979 2281 vel

164 2308 521 2363 Peripateticam,
555 2323 688 2364 quam
718 2310 812 2364 ipse
844 2323 933 2352 non
965 2313 1082 2352 recte
1113 2309 1342 2363 intellexit,
1372 2310 1608 2352 inseruisse
1641 2323 1808 2351 censeo.
1849 2309 1979 2352 Certe
2036 2328 2038 2331 ·

163 2379 352 2422 obscura
395 2379 703 2434 explanatione
747 2380 904 2432 locum,
951 2379 1127 2435 qualem
1157 2380 1355 2435 legimus,
1399 2381 1567 2422 auctori
1598 2380 1677 2422 ulli
1715 2380 1978 2435 philosopho

163 2449 387 2492 vindicare
418 2454 626 2492 vetamur.

307 2613 335 2657 l)
361 2614 458 2650 Item
486 2627 508 2650 a
532 2616 708 2661 sophistis
735 2617 798 2661 qui
823 2620 1017 2660 vocantur,
1055 2616 1102 2651 cf.
1124 2616 1287 2661 Gorgiae
1309 2616 1484 2662 Ἑλένης
1508 2617 1706 2662 ἐγκώμιον
1726 2617 1747 2652 8
1779 2630 1832 2662 sq.
1852 2618 1978 2663 λόγος

162 2671 361 2719 δυνάστης
399 2675 530 2720 μέγας
566 2677 684 2719 ἐστὶν,
722 2677 770 2720 ὃς
802 2678 1023 2722 μικροτάτῳ
1063 2677 1210 2720 σώματι
1251 2677 1313 2711 καὶ
1351 2677 1613 2722 ἀφανεστάτῳ
1651 2677 1839 2712 θειότατα
1876 2679 1976 2723 ἔργα

166 2733 358 2768 ἀποτελεῖ
381 2744 436 2777 sq.

310 2801 338 2846 ²)
364 2803 462 2838 Nam
486 2799 648 2840 hominis
674 2817 790 2849 menS,
815 2811 911 2850 νοῦς
938 2807 1144 2839 communis
1171 2805 1339 2849 rationis,
1379 2817 1472 2849 quae
1499 2805 1604 2839 audit
1629 2798 1764 2852 λόγος,
1790 2818 1875 2850 pars
1903 2810 1973 2850 est,

166 2860 215 2895 cf.
255 2873 286 2896 e.
325 2873 360 2907 g.
396 2862 623 2908 Wenffland,
663 2864 731 2899 Die
768 2864 1134 2898 hellenistisch-r‘om.
1172 2864 1278 2899 Kult.
1308 2876 1343 2898 u.
1376 2864 1411 2899 d.
1450 2864 1648 2899 altchristl.
1681 2864 1755 2899 Lit.
1782 2877 1817 2910 p.
1846 2866 1909 2900 111
1938 2868 1975 2900 et

166 2919 317 2965 Quaest.
344 2920 492 2957 Muson.
517 2934 551 2966 p.
575 2923 608 2966 3,
636 2922 721 2957 adn.
749 2923 780 2958 1.

309 2991 336 3033 3>
362 2991 417 3028 Of.
445 3003 476 3026 e.
501 3003 538 3037 g.
563 2991 652 3028 Eth.
677 2993 759 3028 Nic.
788 2994 916 3029 1143a
941 2994 999 3038 36,
1024 2994 1074 3028 ib.
1103 2994 1193 3029 1377
1210 3005 1230 3028 a
1258 2994 1310 3029 13.

308 3062 336 3106 ⁴)
362 3061 495 3108 Zeller,
521 3063 617 3098 Phil.
644 3063 678 3098 d.
706 3063 769 3099 Gr.
796 3063 816 3098 I
838 3064 879 3099 1²
905 3076 939 3109 p.
966 3065 1035 3099 214
1061 3065 1388 3111 („peripatetische
1416 3064 1564 3100 Lehren
1596 3066 1672 3100 und
1699 3066 1972 3110 Ausdriicke„).
