2138 3438
903 138 1199 180 —49-

143 293 185 333 p.
217 279 302 321 147
335 277 384 322 C.
414 278 704 326 Ποσειδώνιος
736 279 782 321 δὲ
813 279 859 322 τὸ
889 280 1056 334 πλῆθος
1085 283 1171 321 τῶν
1199 279 1415 332 μετάλλων
1444 281 1632 322 ἐπαινῶν
1663 281 1732 323 καὶ
1757 282 1830 336 τὴν
1861 282 1954 335 ἀρε-

142 350 216 405 τὴν
241 352 322 393 οὐκ
347 350 540 405 ἀπέχεται
563 355 636 405 τῆς
659 351 877 405 συνήθους
901 351 1128 406 ῥητορείας,
1158 350 1269 392 ἀλλὰ
1286 351 1562 405 συνενθουσιᾷ
1586 356 1671 398 ταῖς
1694 353 1955 407 ὑπερβολαῖς.

144 419 317 475 Quibus
347 434 400 462 ex
429 419 574 462 verbis
605 420 660 462 de
681 420 909 463 Posidonii
940 420 1087 463 animo
1119 434 1171 462 ac
1202 419 1396 462 dictione
1422 420 1628 463 concludi
1647 426 1810 475 potest;
1846 426 1954 465 satis

143 492 202 533 sit
230 490 565 534 similitudinem
597 491 958 541 animadvertere,
990 505 1103 546 quae
1129 492 1245 534 inter
1268 491 1573 545 Posidonium,
1605 491 1832 546 Senecam,
1861 494 1954 535 Ps.-

141 561 445 614 Plutarchum,
485 566 710 604 auctorem
741 565 836 618 περὶ
864 565 1006 618 ὕψους
1033 561 1280 605 intercedit.
1313 561 1551 616 Scriptoris
1581 563 1717 617 igitur
1748 563 1801 604 de
1832 569 1953 606 recto

142 633 280 676 animi
311 637 430 676 statu
459 633 672 676 iudicium
697 634 1007 688 Peripateticis
1030 633 1100 676 vel
1125 646 1274 676 eorum
1298 633 1597 675 imitatoribus
1623 634 1955 676 attribuendum

141 717 237 746 esse
266 703 496 759 probabile
529 710 596 747 est
605 723 615 754 ;
660 719 797 759 quare
829 705 964 747 etiam
996 705 1171 747 dicendi
1202 718 1409 760 generum
1442 704 1812 759 distributionem,
1856 720 1954 748 cum

141 775 295 818 eadem
314 780 462 818 rectae
488 777 808 819 mediocritatis
828 777 1006 819 notione
1029 775 1100 831 (cf.
1132 776 1294 819 Ps.-Pl.
1314 777 1388 831 τὴν
1407 778 1537 832 αὐτὴν
1556 776 1748 833 γνώμην)
1769 777 1952 829 nitatur,

141 860 195 888 ex
224 846 404 889 illorum
434 847 719 902 philosophia
751 847 923 902 aliquid
953 847 1116 889 habere
1148 847 1515 890 verisimillimum
1547 852 1628 889 est.

283 931 441 974 Restat
466 931 603 984 locus,
632 932 706 986 qui
732 936 853 974 totus
876 932 923 973 in
947 931 1261 974 exercitatione
1286 931 1506 973 rhetorica
1533 935 1616 973 est:
1650 933 1673 974 7
1695 931 1734 972 B
1767 932 1954 985 scriptor

139 1003 211 1045 τὸν
240 1005 495 1059 μονόκωλον
526 1005 651 1058 λόγον
682 1003 751 1045 vel
780 1005 1000 1059 μονῳδίαν
1028 1002 1247 1057 repudiat.
1279 1002 1404 1058 Quae
1423 1001 1640 1045 vocabula
1665 1002 1854 1044 breviter
1879 1016 1952 1044 ex-

140 1073 351 1128 plicanda
376 1078 489 1126 sunt,
516 1074 634 1128 quod
659 1078 943 1129 praeceptum
969 1074 1135 1116 nudum
1162 1073 1340 1116 aliunde
1366 1073 1631 1116 translatum
1657 1073 1755 1116 loco
1775 1074 1951 1116 minime

142 1148 245 1199 apto
275 1145 490 1188 insertum
521 1150 602 1187 est.
633 1146 905 1192 Μονόκωλος
934 1147 1133 1200 περίοδος
1163 1149 1230 1187 est
1253 1145 1462 1200 periodus
1489 1144 1686 1199 simplex,
1717 1159 1740 1186 e
1767 1144 1952 1198 singulis

139 1216 347 1259 membris
374 1217 620 1271 composita
630 1216 675 1274 ¹).
700 1217 801 1259 Hoc
826 1216 924 1258 loco
953 1217 1067 1259 sicut
1090 1215 1327 1272 uovqooiff)
1357 1216 1474 1258 idem
1499 1216 1604 1257 mihi
1630 1215 1807 1270 quidem
1833 1216 1950 1258 vide-

140 1291 214 1329 tur
243 1287 505 1342 significare,
545 1287 664 1341 quod
694 1289 962 1343 μονότροπος
993 1290 1109 1337 λέξις,
1147 1287 1337 1330 elocutio
1370 1286 1569 1341 simplem
1610 1288 1681 1329 cui
1714 1287 1952 1341 opponitur

138 1361 165 1414 ἡ
195 1360 374 1414 ποικίλη,
403 1360 638 1415 μεμιγμένη
668 1358 741 1411 (cf.
778 1358 1055 1414 Ps.-Dionys.
1088 1358 1195 1400 artis
1226 1358 1334 1401 rhet.
1367 1373 1411 1412 p.
1433 1359 1473 1410 8,
1507 1360 1533 1400 3
1554 1358 1662 1413 Us.).
1706 1358 1950 1400 Rhetorum

140 1428 195 1472 de
230 1429 315 1472 hoc
352 1444 511 1484 genere
550 1430 715 1472 iudicia
746 1430 979 1472 Ernestius
1017 1429 1202 1484 praebet
1242 1430 1289 1472 in
1320 1429 1426 1471 LeX.
1460 1429 1602 1471 techn.
1636 1428 1792 1472 Graec.
1825 1429 1951 1471 rhet:

138 1513 237 1554 e.-g.
256 1500 580 1543 Phoibammon
610 1502 887 1557 μονόσχημον
912 1504 956 1543 et
984 1506 1207 1556 προσκορῆ
1226 1502 1351 1556 λόγον
1377 1500 1565 1542 eundem
1592 1500 1738 1542 dicere
1765 1500 1950 1552 videtur,

140 1585 239 1613 cum
271 1571 390 1614 dicat
420 1574 465 1615 τὸ
496 1574 576 1628 γὰρ
607 1575 670 1616 ἀεὶ
700 1574 864 1624 ὁμοίως
893 1575 993 1627 ἔχον
1024 1574 1189 1627 ἐμποιεῖ
1214 1574 1358 1625 κόρον.
1396 1571 1683 1625 Perspicuum
1716 1571 1853 1625 igitur
1883 1575 1950 1613 est

138 1642 466 1685 Ps.-Plutarchi
497 1643 748 1698 opinionem
775 1648 819 1685 et
848 1643 981 1685 verba
1011 1643 1059 1685 in
1091 1643 1313 1685 rhetorum
1345 1642 1546 1684 officinas
1572 1643 1818 1684 revocanda
1843 1656 1950 1684 esse.

138 1713 306 1756 Iterum
330 1713 587 1757 Aristotelis
613 1714 824 1756 iudicium
857 1727 1118 1769 cognoscere
1144 1727 1196 1755 ex
1220 1728 1266 1755 re
1287 1717 1369 1755 est:
1389 1713 1519 1755 Rhet.
1556 1714 1669 1755 1409
1689 1712 1717 1755 b
1740 1714 1792 1755 17
1814 1714 1950 1769 ἀφελῆ

138 1786 185 1828 δὲ
214 1786 326 1840 λέγω
357 1787 430 1840 τὴν
460 1787 715 1840 μονόκωλον
749 1786 899 1841 (λέξιν).
932 1787 999 1828 δεῖ
1020 1786 1066 1827 δὲ
1095 1786 1166 1827 καὶ
1189 1785 1237 1827 τὰ
1263 1787 1382 1827 κῶλα
1408 1787 1479 1827 καὶ
1502 1785 1575 1830 τὰς
1598 1785 1822 1838 περιόδους
1845 1787 1949 1839 μήτε

138 1858 354 1911 μυούρους
384 1858 486 1900 εἶναι
508 1859 612 1912 μήτε
643 1859 822 1911 μακράς.
846 1857 891 1899 τὸ
923 1857 1000 1910 μὲν
1031 1857 1110 1911 γὰρ
1142 1856 1296 1910 μικρὸν
1320 1859 1587 1910 προσπταίειν
1616 1856 1816 1902 πολλάκις
1839 1861 1953 1898 ποιεῖ

136 1929 207 1971 τὸν
249 1931 472 1983 ἀκροατήν.
505 1954 561 1958 -
593 1927 749 1970 Liceat
791 1927 971 1970 tandem
1013 1927 1134 1978 mihi,
1177 1927 1230 1969 de
1275 1930 1367 1969 toto
1412 1926 1555 1981 capite
1600 1925 1707 1980 quid
1750 1926 1948 1979 sentiam,

137 1999 387 2053 complecti:
422 2003 662 2054 praecepta
697 1999 931 2050 rhetorica,
977 2012 1076 2040 cum
1112 2012 1275 2052 magna
1312 2012 1363 2040 ex
1402 2002 1528 2052 parte
1567 1997 1623 2039 ad
1654 1997 1946 2039 exercendum

138 2074 350 2124 spectent,
396 2084 449 2112 ex
484 2071 807 2113 tractatione
839 2070 1102 2112 rhetorica
1146 2068 1385 2123 compilata
1429 2082 1523 2111 esse
1566 2072 1762 2123 possunt.
1800 2067 1946 2123 Quam

137 2141 453 2196 philosopho
498 2142 705 2184 auctori
747 2140 1060 2183 vindicandam
1104 2140 1359 2194 censuerim,
1403 2154 1516 2194 quae
1561 2144 1627 2182 est
1675 2141 1719 2181 in
1764 2139 1947 2193 singulis

135 2211 267 2255 rebus
290 2211 519 2255 iudicandi
548 2213 681 2266 ratio;
716 2214 806 2267 qui,
839 2226 939 2254 cum
969 2226 1298 2266 nonnumquam
1329 2212 1553 2265 vestigia
1585 2211 1824 2265 Peripati
1857 2224 1947 2252 non

137 2282 340 2326 difficilia
371 2284 460 2326 sint
490 2288 742 2338 conspectu,
786 2283 935 2338 aliquo
967 2283 1096 2325 modo
1127 2283 1232 2325 hinc
1263 2283 1437 2337 pendet.
1481 2281 1724 2324 Probatum
1757 2281 1945 2335 denique

136 2358 204 2396 est
234 2359 455 2397 auctorem
486 2354 803 2410 posterioribus
835 2354 1112 2408 antiquitatis
1143 2353 1412 2408 temporibus
1443 2353 1694 2408 ponendum
1727 2366 1833 2394 esse.

289 2533 484 2602 Caput
521 2535 567 2589 8.
615 2534 689 2583 Τὰ
724 2536 951 2601 ἐγκύκλια
975 2535 1256 2599 παιδεύματα
1292 2535 1351 2584 et
1387 2531 1782 2599 philosophia.

275 2652 422 2695 Huius
467 2652 626 2706 capitis
658 2656 964 2706 argumentum
1006 2651 1128 2705 prius
1172 2650 1363 2692 breviter
1406 2648 1575 2692 absolvi
1617 2653 1775 2703 potest.
1825 2649 1945 2691 Nam

137 2737 438 2778 quaecumque
481 2738 578 2766 cum
620 2723 751 2765 huius
794 2722 1021 2777 scriptoris
1064 2722 1296 2772 sententia,
1350 2734 1439 2775 qua
1487 2719 1735 2762 liberalium
1786 2719 1944 2761 artium

134 2794 351 2853 rationem
380 2797 558 2846 tractat,
601 2794 849 2849 comparari
879 2797 1076 2848 possunt,
1111 2806 1137 2835 a
1166 2791 1211 2835 N
1215 2791 1395 2834 ordenio
1440 2790 1548 2832 Ant.
1580 2790 1864 2844 Kunstprosa
1896 2789 1944 2830 Π

279 2933 307 2978 ¹)
333 2933 497 2969 Demetr.
522 2934 579 2970 De
604 2935 651 2970 el.
677 2935 735 2970 l‘a'.

278 3004 308 3049 ²)
333 3004 437 3050 Quae
456 3005 559 3040 aliud
578 3005 789 3051 significare
807 3006 913 3049 solet,
938 3005 1098 3051 θρηνεῖν
1118 3005 1182 3040 καὶ
1200 3004 1505 3048 κατοικτίζεσθαι
1532 3000 1756 3045 (Menander
1774 2996 1815 3035 π.
1829 2999 1943 3045 ἐπιὸ.,

135 3064 247 3100 Rhet.
272 3063 337 3099 Gr.
362 3076 398 3099 v.
422 3063 489 3098 III
512 3076 550 3109 p.
576 3064 647 3100 434
672 3064 843 3109 Speng.).
876 3063 998 3110 Quare
1023 3074 1154 3099 vocem
1180 3064 1395 3107 corruptam
1421 3072 1499 3096 esse
1523 3060 1759 3096 verisimilius
1779 3058 1943 3104 videtur3

134 3123 413 3159 Radermacher
426 3123 575 3168 quidem
586 3124 848 3168 μον<οκ>ωλία
860 3123 1010 3167 conicit,
1028 3134 1122 3167 quae
1135 3134 1210 3158 vox
1222 3121 1375 3157 lectioni
1388 3119 1548 3155 traditae
1567 3130 1655 3155 sane
1669 3118 1862 3154 simillima
1876 3120 1943 3153 est.

205 3205 453 3234 Dissertationes
471 3207 545 3240 phu
569 3206 706 3234 vindob.
725 3206 798 3233 111.
1788 3218 1790 3220 ψ
1801 3189 1824 3223 4
