2138 3438
928 152 1222 194 ,25-

166 307 318 337 01111105
350 307 433 345 res,
466 293 520 335 de
553 293 712 348 quibus
744 293 817 335 hic
850 293 1050 347 quaestio
1083 297 1160 344 est,
1199 293 1245 335 in
1278 293 1541 347 Cynicorum
1575 294 1856 348 opinionibus
1889 295 1983 337 sine

169 363 302 407 dubio
339 364 574 419 viguerint:
619 363 697 406 sed
733 363 857 415 10015,
905 378 1015 418 (11105
1054 363 1332 416 001111111111115,
1378 378 1453 406 005
1493 379 1562 407 res
1594 364 1775 419 reliquis
1809 379 1982 420 quoque

167 434 444 490 philosophis
475 438 607 489 atque
628 434 900 489 temporibus
933 434 1197 489 quibusdam
1229 434 1357 490 vulgo
1391 435 1525 477 etiam
1557 440 1685 478 notas
1712 450 1981 478 communes-

168 519 253 561 que
285 506 420 548 fuisse
453 506 562 548 satis
594 506 887 548 demonstrari
926 509 1046 561 puto.
1090 505 1261 562 Quodsi
1298 505 1463 548 Ioc'lius
1503 506 1690 549 fortasse
1730 512 1847 549 recte
1885 506 1983 564 (sed

167 577 224 620 cf.
257 577 312 620 de
337 577 422 620 hac
452 590 498 619 re
525 576 776 620 Schickium
807 577 836 619 1.
863 577 889 619 1.
922 592 961 632 p.
989 579 1042 620 31
1077 581 1121 620 et
1144 577 1380 620 Iamblichi
1410 577 1543 620 verba
1575 578 1644 621 De
1669 594 1705 620 v.
1731 579 1859 633 Pyth.
1885 580 1984 630 209,

167 662 282 703 (11100
314 662 447 704 supra
480 648 678 706 laudavi)
710 648 956 704 exemplum
988 649 1179 703 Lycurgi
1211 649 1390 703 eiusque
1424 663 1581 692 canum
1609 663 1660 691 ex
1687 649 1850 704 Cynico
1878 664 1983 704 quo-

168 719 272 762 dam
295 719 420 762 fonte
448 720 619 762 derivat
643 719 685 774 (l.
712 720 740 762 1.
768 735 807 774 p.
830 722 884 764 50
907 719 1005 777 sq.)‚
1037 724 1185 762 tamen
1212 721 1329 775 apud
1355 720 1742 763 Ps.-Plutarchum
1771 720 1823 763 de
1850 721 1983 763 totius

167 791 325 846 capitis
359 791 526 846 origine
557 791 668 833 nihil
701 805 752 833 ea
785 791 1031 834 observatio
1064 790 1210 834 efficit.

310 863 579 917 Repetamus
611 877 741 915 nunc,
787 863 906 917 quod
938 877 1074 917 supra
1106 862 1344 906 effecimus:
1391 864 1435 905 in
1467 863 1546 905 illa
1579 863 1887 905 condicionum
1919 863 1983 905 di-

167 934 333 976 visione
359 948 597 988 earumque
622 935 796 977 ratione
821 938 974 976 mutua
999 934 1263 989 explicanda
1288 934 1398 977 nihil
1424 934 1512 977 fere
1540 949 1634 977 esse
1658 934 1842 986 videtur,
1866 934 1985 988 quod

168 1019 257 1047 non
289 1004 524 1047 multorum
556 1005 918 1061 philosophorum
951 1019 1179 1048 commune
1210 1005 1356 1048 fuerit.
1396 1005 1485 1049 Sed
1519 1007 1704 1060 scriptor
1736 1006 1822 1048 iam
1856 1020 1982 1048 accu-

167 1077 308 1119 ratius
342 1091 437 1119 eam
470 1078 733 1120 sententiam
767 1078 824 1120 ad
856 1091 998 1120 mores
1030 1082 1073 1120 et
1105 1078 1410 1120 educationem
1443 1077 1658 1132 applicat:
1693 1079 1718 1119 3
1741 1076 1782 1119 A
1810 1078 1879 1120 καὶ
1905 1078 1983 1131 γὰρ

168 1150 214 1191 τὸ
252 1149 362 1204 ἦθος
400 1150 503 1196 ἔθος
531 1151 611 1192 ἐστὶ
641 1150 920 1204 πολυχρόνιον
950 1150 1021 1191 καὶ
1051 1150 1123 1196 τὰς
1154 1150 1309 1204 ἠθικὰς
1341 1150 1489 1203 ἀρετὰς
1521 1150 1668 1195 ἐθικὰς
1698 1151 1750 1192 ἄν
1782 1165 1840 1195 τις
1871 1149 1983 1203 λέγῃ,

168 1221 250 1263 οὐκ
288 1222 340 1262 ἄν
376 1237 410 1263 τι
446 1221 702 1274 πλημμελεῖν
739 1221 909 1269 δόξειεν.
957 1219 1044 1275 Qui
1075 1220 1198 1263 locus
1233 1234 1386 1262 ansam
1419 1219 1612 1273 praebet,
1654 1223 1705 1261 ut
1736 1219 1985 1261 accuratius

168 1290 456 1345 philosophos
482 1291 765 1333 excutiamus.
798 1290 948 1345 Atque
974 1291 1193 1333 neminem
1218 1290 1336 1345 fugit
1359 1290 1506 1342 verba,
1541 1304 1653 1344 quae
1681 1289 1821 1342 attuli,
1853 1303 1983 1344 quam

167 1362 352 1404 maxime
382 1360 616 1404 Aristoteli
655 1367 698 1404 et
734 1362 1086 1417 Peripateticis1)
1125 1362 1409 1417 respondere:
1454 1361 1558 1405 Eth.
1596 1361 1694 1404 Nic.
1734 1361 1781 1403 II
1823 1363 1937 1403 1103
1959 1375 1984 1402 0

170 1434 224 1475 18
257 1436 282 1489 ἡ
317 1435 355 1476 δ’
384 1435 515 1488 ἠθικὴ
542 1435 664 1489 ἀρετὴ
690 1436 737 1483 ἐξ
761 1435 892 1481 ἔθους
915 1437 1194 1490 περιγίγνεται.
1226 1435 1330 1477 ὅθεν
1354 1435 1425 1477 καὶ
1447 1436 1634 1488 τοῦνομα
1659 1435 1809 1489 ἔσχηκε
1833 1434 1986 1489 μικρὸν

166 1507 449 1558 παρεκκλῖνον
479 1506 564 1547 ἀπὸ
593 1509 667 1548 τοῦ
699 1507 831 1553 ἔθους
872 1504 940 1546 vel
971 1503 1110 1547 Arius
1141 1503 1317 1559 Didym.
1357 1504 1410 1547 de
1451 1504 1653 1547 doctrina
1684 1503 1984 1558 Peripatetica

170 1574 291 1618 Stob.
322 1575 417 1618 Ecl.
448 1576 498 1617 II
528 1591 570 1630 p.
605 1578 689 1619 116
710 1577 799 1620 W.:
831 1578 876 1620 τὸ
908 1578 987 1631 μὲν
1017 1577 1095 1620 οὖν
1126 1577 1237 1632 ἦθος
1266 1579 1452 1632 τοῦνομα
1485 1576 1625 1632 λαβεῖν
1652 1593 1777 1631 φησιν
1803 1577 1886 1618 ἀπὸ
1911 1581 1984 1618 τοῦ

167 1649 300 1694 ἔθους
321 1681 329 1689 .
352 1681 389 1689 ..
423 1649 475 1690 δι’
505 1650 529 1689 ὃ
561 1649 633 1690 καὶ
662 1648 736 1702 τὴν
762 1649 919 1703 ἠθικὴν
948 1648 1141 1705 (ἀρετὴν)
1176 1649 1324 1703 ἒθικὴν
1355 1650 1456 1691 εἶναι
1487 1664 1524 1689 κ.
1544 1664 1574 1689 τ.
1594 1648 1626 1688 λ.
1660 1646 1733 1703 (cf.
1759 1646 1860 1688 Eth.
1886 1646 1984 1688 Nic.

171 1720 285 1761 1144
306 1718 332 1760 b
365 1719 495 1770 4—9,
519 1718 621 1762 Eth.
647 1718 761 1760 Eud.
791 1720 904 1762 1220
926 1733 952 1761 a
985 1719 1129 1762 39--b
1151 1721 1210 1775 2).
1244 1719 1412 1761 Tamen
1440 1717 1768 1760 concedendum
1795 1722 1862 1759 est
1886 1731 1983 1759 eam

168 1803 342 1844 quoque
377 1790 650 1841 sententiam,
697 1804 784 1843 qua
823 1790 934 1845 ἦθος
970 1803 1022 1832 ex
1059 1792 1163 1837 ἔθος
1194 1790 1428 1843 derivatur,
1472 1789 1605 1831 latius
1640 1793 1845 1844 vagatam
1878 1801 1983 1830 esse.

167 1860 265 1903 Iam
303 1860 503 1903 Platonis
553 1866 635 1903 est:
672 1860 777 1915 Leg.
811 1862 894 1903 792
916 1859 961 1902 A
998 1863 1254 1915 κυριώτατον
1292 1863 1371 1916 γὰρ
1409 1862 1487 1904 οὖν
1523 1861 1725 1917 ἐμφύεται
1761 1865 1862 1903 πᾶσι
1897 1861 1985 1902 τότε

166 1933 213 1975 τὸ
244 1937 329 1975 πᾶν
360 1933 470 1988 ἦθος
501 1934 569 1975 διὰ
606 1934 720 1979 ἔθος.
764 1931 853 1974 Sed
890 1932 1024 1974 etiam
1057 1931 1328 1987 Chrysippus
1373 1936 1416 1974 et
1448 1931 1586 1975 Stoici
1625 1932 1686 1974 ita
1727 1931 1983 1974 censebant:

168 2002 439 2054 Alexander,
473 2004 525 2045 de
558 2002 650 2045 fato
684 2017 720 2046 c.
752 2004 822 2054 27,
854 2016 896 2057 p.
919 2005 990 2046 88:
1023 2005 1070 2046 τὰ
1103 2005 1149 2046 δὲ
1179 2005 1266 2060 ἤθη
1299 2009 1385 2046 τῶν
1409 2005 1661 2059 ἀνθρώπων
1684 2004 1773 2046 τοιὰ
1801 2004 1871 2045 καὶ
1895 2004 1983 2045 τοιὰ

169 2076 236 2116 διὰ
273 2079 359 2117 τῶν
389 2076 677 2130 διαφερόντων
713 2076 831 2117 ἐθῶν
863 2077 1022 2130 γίνεται.
1054 2074 1346 2118 Ν1111105011115
1390 2075 1436 2116 111
1468 2074 1793 2117 Ps.-Plutarchi
1838 2073 1981 2116 verbis

169 2145 649 2199 Peripateticorum
680 2146 973 2188 imitationem
1006 2145 1209 2200 equidem
1236 2147 1499 2201 agnoverim.
1534 2146 1651 2188 Nam
1676 2145 1819 2187 verbis
1852 2148 1904 2188 ἄν
1928 2162 1985 2191 τις

168 2217 265 2272 λέγῃ
304 2234 342 2259 κ.
361 2236 390 2259 τ.
410 2219 443 2259 λ.
477 2217 664 2271 scriptor
696 2230 772 2259 eos
817 2217 1035 2272 respicere
1079 2217 1263 2270 videtur,
1308 2218 1384 2271 qui
1422 2218 1578 2272 ἠθικὰς
1616 2218 1764 2271 ἀρετάς
1805 2215 1983 2258 easdem

168 2301 264 2329 esse
298 2287 458 2330 docent
488 2291 621 2342 atque
653 2290 808 2340 ἑθικάς,
847 2288 873 2330 1.
902 2302 936 2331 0.
969 2289 1044 2342 (1111
1076 2292 1120 2330 01
1150 2290 1304 2343 ἠθικάς
1336 2293 1379 2330 01
1410 2290 1555 2334 ἕθικάς
1587 2288 1770 2329 virtutes
1806 2287 1982 2329 habent.

172 2357 295 2413 Quos
328 2359 444 2402 solos
477 2359 544 2401 vel
576 2363 677 2402 ante
710 2364 878 2402 ceteros
910 2359 1233 2413 Peripateticos
1265 2359 1399 2401 fuisse
1433 2359 1712 2413 comprobari
1743 2362 1901 2412 potest,
1948 2358 1984 2399 si

168 2444 258 2484 qua
275 2429 560 2485 psychologia
585 2444 638 2473 ea
664 2430 812 2485 opinio
837 2431 1006 2472 nitatur
1030 2430 1335 2485 intellegimus.
1361 2429 1492 2472 Plato
1521 2443 1786 2483 quamquam
1812 2431 1915 2477 ἔθος
1940 2432 1983 2470 01

167 2503 320 2550 ἐθίζειν
350 2502 438 2543 10111
469 2502 698 2556 permagni
730 2503 947 2553 aestimat,
979 2503 1127 2548 ἐθικὰς
1158 2504 1305 2555 ἀρετάς
1330 2501 1517 2554 ignorat.
1552 2499 1809 2542 Aristotelis
1838 2504 1981 2542 autem

168 2572 392 2614 distinctio
417 2572 676 2627 pervulgata
702 2578 784 2615 est:
812 2573 914 2616 Eth.
940 2572 1037 2615 Nic.
1067 2573 1179 2615 1103
1201 2587 1227 2614 a
1255 2575 1310 2615 14
1343 2574 1474 2628 διττῆς
1500 2574 1547 2616 δέ
1571 2579 1642 2628 τῆς
1668 2575 1814 2628 ἀρετῆς
1840 2575 1982 2628 οὔσης,

167 2649 240 2698 τῆς
263 2645 341 2698 μὲν
366 2645 642 2699 διανοητικῆς,
673 2650 745 2699 τῆς
770 2645 815 2686 δὲ
842 2646 1008 2699 ἠθικῆς,
1029 2646 1054 2698 ἡ
1076 2644 1154 2699 μὲν
1174 2645 1411 2699 διανοητικὴ
1439 2644 1484 2686 τὸ
1504 2646 1631 2687 πλέον
1649 2646 1694 2692 ἐξ
1715 2645 1981 2689 διδασκαλίας

169 2716 252 2769 ἔχει
273 2716 341 2757 καὶ
365 2717 439 2770 τὴν
457 2717 614 2770 γένεσιν
632 2717 703 2758 καὶ
722 2716 795 2770 τὴν
814 2718 988 2770 αὔξησιν
1007 2748 1016 2756 .
1045 2748 1053 2757 .
1083 2747 1091 2755 .
1111 2717 1136 2769 ἡ
1171 2717 1209 2757 δ’
1233 2716 1363 2770 ἠθικὴ
1384 2718 1430 2764 ἐξ
1448 2717 1579 2762 ἔθους
1598 2718 1850 2770 περιγίνεται.
1883 2713 1980 2768 Quo

169 2784 230 2838 fit,
261 2789 310 2827 ut
339 2789 433 2827 tota
458 2785 660 2828 educatio
685 2786 732 2828 in
759 2786 868 2827 duas
895 2790 1043 2839 partes
1071 2785 1371 2838 distribuatur,
1396 2786 1443 2828 in
1467 2787 1657 2842 ἐθισμόν,
1685 2799 1771 2839 (1110
1799 2786 1981 2826 virtutes

169 2855 340 2898 ethicae
360 2855 617 2908 formantur,
639 2861 683 2898 et
702 2856 1020 2898 institutionem
1046 2856 1317 2899 rationalem.
1351 2855 1488 2899 Stoici
1515 2856 1672 2898 deinde
1701 2856 1758 2898 ad
1786 2855 1981 2898 Socratis

170 2927 424 2981 opinionem
450 2932 736 2969 reverterunt:
756 2928 892 2969 virtus
919 2927 1012 2969 sola
1039 2927 1085 2969 in
1112 2928 1330 2982 sapientia
1356 2932 1747 2982 051,Ρο1·105,(11100
1775 2927 1982 2968 dicuntur

170 2997 448 3040 irrationales
482 2998 627 3049 animi,
658 3012 746 3040 non
773 3003 873 3040 sunt
899 3002 954 3050 et,
986 3012 1098 3052 quae
1131 2999 1193 3040 eis
1225 2998 1405 3041 attribui
1431 2998 1586 3050 solent,
1622 3013 1673 3039 ex
1698 2997 1810 3039 falsa
1837 3011 1980 3039 rerum

315 3138 340 3182 ¹)
368 3137 414 3173 cf.
441 3139 553 3173 etiam
579 3138 831 3173 Iamblichum
859 3151 916 3184 ep.
943 3139 990 3174 ad
1016 3139 1103 3184 Sop.
1131 3152 1189 3185 ap.
1216 3139 1319 3174 Stob.
1348 3140 1429 3174 Ecl.
1455 3139 1497 3174 II
1522 3140 1591 3175 233
1611 3139 1671 3174 W.
