2138 3438
300 295 598 340 Transeamus
624 295 813 350 denique
833 295 891 337 ad
912 296 1113 347 certiora,
1147 309 1201 337 ea
1225 294 1339 345 dico,
1360 308 1493 348 quae
1521 294 1806 350 Chrysippi
1839 293 1973 336 libro

154 367 384 411 infuisse
426 368 521 410 iure
566 367 740 409 conici
782 370 970 421 potest.
1023 366 1258 409 Neminem
1298 365 1418 420 fugit
1456 365 1782 408 Ps.-Plutarchi
1824 365 1973 408 libello

151 452 361 494 magnam
390 437 460 481 vel
492 439 726 481 maximam
757 437 1036 480 educationis
1066 440 1239 492 partem
1271 437 1436 488 deesse,
1481 436 1772 479 eruditionem
1799 437 1972 480 mentis-

152 523 242 565 que
272 510 594 552 institutionem
626 509 736 551 dico.
767 508 886 551 Nam
917 508 972 551 de
1005 508 1175 551 artibus
1217 506 1477 550 liberalibus
1514 507 1625 550 nihil
1668 507 1847 562 profert,
1887 508 1974 550 nisi

153 594 210 624 ne
241 581 422 623 nimiam
454 594 635 635 operam
666 581 720 622 iis
751 580 878 634 pueri
908 580 1026 631 dent,
1059 592 1328 634 quamquam
1359 578 1621 620 eruditionis
1647 578 1875 629 elementa,
1906 579 1972 620 in-

152 652 339 694 structio
371 651 632 702 litterarum,
668 651 811 705 prima
844 651 1128 693 scientiarum
1171 650 1403 702 institutio,
1446 650 1561 691 ratio
1607 648 1796 691 docendi
1840 653 1971 703 atque

154 722 355 766 discendi
386 724 480 765 sine
514 722 648 765 dubio
681 737 849 764 summa
880 722 1111 777 diligentia
1155 721 1210 763 ab
1252 735 1303 763 eo
1333 720 1597 763 tractandae
1642 724 1754 772 sunt,
1799 721 1875 774 qui
1919 719 1972 762 de

149 798 250 837 tota
281 793 544 837 educatione
577 807 708 848 agere
741 793 844 836 vult.
877 793 967 836 Sed
998 794 1132 835 etiam
1155 791 1476 847 philosophiae,
1509 792 1579 833 cui
1608 795 1660 833 ut
1691 795 1793 833 ante
1826 792 1972 833 omnia

150 865 397 918 studeatur,
428 866 617 920 scriptor
651 868 807 916 monet,
842 864 1060 906 institutio
1092 867 1189 905 tota
1221 862 1361 905 deest:
1394 866 1445 904 ut
1480 863 1830 917 praetermittam
1860 862 1971 917 logi-

151 951 207 979 ca
226 940 272 979 et
291 937 486 991 physica,
517 950 630 991 quae
649 950 705 978 ne
724 935 856 978 verbo
878 936 1055 990 quidem
1082 936 1373 989 attinguntur,
1405 934 1511 988 quid
1533 934 1586 976 de
1610 948 1781 976 morum
1799 934 1971 976 ratione

150 1007 332 1062 profert,
362 1008 440 1050 ubi
471 1007 690 1062 quomodo
723 1007 848 1061 pueri
879 1007 945 1049 vel
978 1006 1283 1048 adulescentes
1313 1005 1621 1060 philosophiae
1653 1005 1836 1047 moralis
1868 1004 1969 1046 doc-

147 1080 272 1121 trina
302 1078 527 1121 imbuendi
559 1079 660 1131 sint,
694 1077 899 1120 disserit?
931 1076 1058 1132 Quae
1090 1077 1238 1119 omnia
1270 1080 1398 1119 erant
1422 1076 1659 1118 tractanda
1691 1079 1736 1118 et
1760 1076 1971 1118 tractavit

150 1149 448 1205 Chrysippus:
481 1149 598 1192 Plut.
629 1149 700 1191 De
733 1149 866 1193 Stoic.
910 1162 998 1203 rep.
1044 1147 1217 1191 1035A
1248 1150 1272 1190 ὁ
1298 1148 1554 1202 Χρύσιππος
1596 1150 1721 1190 οἴεται
1764 1149 1849 1190 δεῖν
1882 1152 1970 1190 τῶν

148 1224 334 1277 λογικῶν
363 1226 532 1276 πρῶτον
562 1221 802 1275 ἀκροᾶσθαι
831 1220 927 1266 τοὺς
959 1221 1089 1273 νέους,
1123 1220 1320 1273 δεύτερον
1351 1219 1397 1261 δὲ
1428 1223 1514 1261 τῶν
1551 1219 1734 1273 ἠθικῶν,
1776 1219 1879 1274 μετὰ
1923 1219 1970 1260 δὲ

148 1297 279 1335 ταῦτα
302 1297 389 1335 τῶν
413 1296 621 1347 φυσικῶν,
652 1292 844 1338 ὁσαύτως
870 1292 916 1333 δὲ
941 1292 1099 1337 τούτοις
1123 1291 1194 1332 τὸν
1217 1291 1312 1343 περὶ
1337 1291 1456 1332 θεῶν
1480 1290 1606 1344 λόγον
1630 1291 1803 1343 ἔσχατον
1832 1305 1968 1343 παρα-

148 1365 388 1419 λαμβάνειν.
422 1362 779 1406 Consentaneum
810 1375 913 1415 ergo
946 1365 1013 1403 est
1045 1375 1142 1403 eum
1174 1360 1291 1402 hunc
1323 1360 1613 1402 institutionis
1654 1359 1850 1401 ordinem
1881 1360 1968 1413 pri-

145 1424 220 1475 mo
253 1433 515 1488 explanasse
553 1437 687 1487 atque
719 1447 742 1474 e
774 1446 820 1474 re
865 1446 959 1474 esse
1005 1432 1343 1484 demonstrasse,
1387 1431 1547 1473 deinde
1590 1430 1838 1472 instruendi
1882 1430 1967 1472 ele-

145 1508 297 1547 menta
323 1505 591 1560 disposuisse
624 1507 757 1558 atque
790 1504 924 1545 totius
949 1503 1255 1558 philosophiae
1289 1501 1515 1544 docendae
1541 1502 1657 1543 viam
1682 1516 1734 1543 ac
1754 1501 1968 1544 rationem

147 1576 452 1630 explicavisse.
498 1575 637 1619 Cuius
681 1576 727 1617 111
758 1575 1006 1617 eruditione
1045 1574 1157 1616 nihil
1201 1573 1323 1616 aliud
1368 1573 1518 1627 appeti
1561 1576 1746 1627 poterat,
1789 1573 1875 1614 nisi
1918 1577 1967 1614 ut

145 1647 381 1702 sapientia,
415 1647 598 1689 scientia
631 1647 699 1688 sui
731 1646 1010 1700 omniumque
1042 1659 1188 1687 rerum
1219 1645 1468 1686 divinarum
1513 1648 1645 1697 atque
1675 1643 1966 1685 humanarum

145 1717 409 1771 efficeretur,
434 1731 487 1760 ex
513 1732 601 1771 qua
633 1717 784 1769 virtus,
817 1730 931 1771 quae
958 1720 1024 1758 est
1050 1716 1281 1770 sapientia,
1314 1729 1394 1769 per
1425 1729 1469 1757 se
1503 1719 1770 1769 sequeretur.
1803 1713 1964 1769 Quam-

145 1789 299 1831 obrem
342 1792 392 1830 ut
437 1788 619 1831 dubium
661 1802 751 1830 non
795 1792 875 1839 est,
921 1788 1026 1841 quin
1083 1787 1223 1828 altera
1268 1787 1412 1840 operis
1445 1786 1538 1828 eius
1580 1800 1685 1840 pars
1727 1790 1965 1840 praecepta

147 1860 321 1902 vivendi
347 1860 627 1911 continuerit,
661 1859 821 1913 quibus
844 1872 988 1900 mores
1013 1871 1249 1912 puerorum
1280 1856 1499 1898 formandi
1526 1860 1672 1899 essent
1690 1882 1747 1887 ·—-
1767 1860 1817 1897 ut
1847 1871 1963 1898 1111110

146 1932 509 1986 praetermittam,
552 1944 667 1985 quae
699 1929 757 1972 ad
788 1934 1007 1984 parentes,
1050 1929 1387 1982 generationem,
1430 1928 1724 1979 nutritionem,
1769 1928 1964 1981 corporis

146 2001 453 2044 formationem
464 2003 497 2056 ¹)
529 2002 754 2056 pertinent
774 2026 829 2032 —
850 2002 913 2042 ita
934 2000 1119 2042 alteram
1145 2004 1279 2054 atque
1304 2000 1452 2041 nescio
1479 2013 1537 2041 an
1561 1999 1770 2040 maiorem
1795 2003 1963 2052 partem

144 2072 404 2125 litterarum,
443 2073 739 2125 scientiarum,
769 2071 1076 2126 philosophiae
1108 2071 1377 2113 institutioni
1421 2070 1570 2112 datam
1612 2069 1751 2112 fuisse
1797 2073 1963 2111 certum

144 2147 227 2186 est.
258 2143 416 2185 Liceat
448 2157 613 2197 quaeso
644 2142 835 2185 breviter
866 2156 963 2184 eam
989 2145 1161 2196 partem
1193 2146 1335 2184 mente
1366 2140 1495 2182 nobis
1519 2141 1694 2195 fingere.
1725 2141 1794 2183 De
1821 2155 1961 2195 gram-

143 2214 316 2267 matice,
348 2228 463 2268 quae
495 2215 541 2255 in
572 2214 698 2255 initio
731 2218 811 2264 est,
842 2212 1056 2255 nonnulla
1080 2213 1310 2267 praecipit,
1341 2213 1388 2253 in
1411 2211 1735 2253 mathematicis
1760 2211 1960 2265 reliquis-

142 2299 231 2339 que
263 2284 433 2327 artibus
463 2283 720 2327 liberalibus
750 2298 840 2326 non
873 2285 984 2326 satis
1014 2284 1151 2326 habet
1182 2284 1367 2338 exigere,
1411 2270 1460 2325 ut
1490 2284 1616 2337 pueri
1659 2283 1960 2333 instituantur,

142 2356 236 2408 sed,
261 2360 482 2410 quatenus
506 2360 551 2398 et
576 2356 808 2410 quomodo,
833 2357 1013 2410 exponit
1044 2359 1087 2397 et
1119 2355 1405 2409 quamobrem
1436 2368 1588 2397 eorum
1621 2354 1816 2396 studium
1851 2353 1958 2395 utile

142 2428 214 2481 sit,
245 2427 528 2479 demonstrat,
568 2428 729 2482 quippe
763 2428 839 2481 qui
882 2428 947 2469 ita
990 2431 1169 2469 censeat
1214 2426 1362 2482 (Diog.
1402 2426 1556 2470 Laert.
1601 2425 1694 2470 VH
1743 2426 1857 2479 129).
1888 2424 1960 2467 Ita

139 2499 356 2540 musicam
389 2512 563 2553 quoque
597 2498 919 2540 commendavit
950 2502 995 2540 et
1027 2501 1159 2549 certo,
1206 2497 1314 2551 quid
1356 2497 1596 2552 prodesset,
1654 2496 1960 2551 explanavit2).

143 2569 214 2611 De
246 2568 407 2611 litteris
438 2570 501 2611 ita
532 2568 623 2611 fere
656 2569 760 2623 agit,
791 2573 841 2611 ut
872 2573 1103 2624 poetarum
1132 2568 1367 2611 lectionem
1400 2568 1675 2610 commendet
1716 2571 1869 2621 utpote
1902 2567 1960 2609 ad

140 2653 286 2681 mores
318 2639 580 2682 excolendos
611 2640 775 2689 utilem,
808 2654 907 2682 cum
939 2639 1267 2705 philosophiam
1298 2643 1543 2693 praeparet.
1587 2638 1676 2681 Ubi
1708 2652 1807 2680 eum
1850 2652 1956 2680 non-

73 2715 76 2718 ’
143 2709 270 2751 nulla
301 2710 364 2751 eis
395 2709 527 2752 rebus
559 2710 719 2753 similia
749 2710 985 2765 protulisse
1019 2710 1174 2763 elucet,
1219 2724 1330 2764 quas
1372 2710 1484 2751 libro
1518 2710 1625 2764 Περὶ
1668 2715 1740 2751 τοῦ
1771 2714 1866 2755 πῶς
1898 2711 1964 2751 δεῖ

291 2848 315 2892 ¹)
346 2848 417 2884 Ubi
444 2849 715 2885 chironomiam
741 2851 920 2884 tractavit
945 2850 1086 2895 (Quint.
1112 2850 1134 2884 I
1163 2850 1216 2893 11,
1257 2850 1326 2896 17),
1351 2849 1396 2884 de
1434 2861 1507 2894 qua
1531 2848 1833 2883 Ps.-Plutarchus
1864 2849 1959 2884 nihil

142 2907 310 2952 praebet.

289 2966 317 3011 2)
343 2966 399 3001 Cf.
427 2965 583 3010 Quintil.
619 2967 715 3004 Inst.
753 2979 805 3003 or.
837 2968 869 3011 1,
898 2968 952 3012 10,
992 2969 1035 3002 15
1063 2995 1070 3002 .
1090 2993 1098 3002 .
1124 2968 1203 3003 eius
1227 2972 1342 3003 sectae
1359 2995 1367 3003 .
1389 2996 1396 3003 .
1417 2995 1424 3002 .
1446 2967 1639 3012 principes
1676 2967 1719 3000 in
1756 2967 1824 3001 hae
1856 2966 1958 3010 fuere

139 3025 333 3068 sententia,
356 3029 395 3060 ut
418 3025 683 3071 existimarent,
707 3026 934 3070 sapientium
953 3027 1096 3070 aliquos
1115 3027 1334 3062 nonnullam
1353 3038 1501 3071 operam
1519 3026 1583 3060 his
1601 3025 1737 3060 studiis
1753 3036 1955 3060 accommo-

139 3085 293 3120 daturos
318 3087 356 3118 et
381 3084 472 3118 ibid.
510 3085 568 3129 32,
605 3085 645 3118 in
679 3085 824 3120 musica
866 3084 1066 3119 tractanda
1109 3084 1154 3119 de
1199 3086 1375 3130 carmine,
1411 3084 1511 3130 quod
1549 3084 1775 3129 Chrysippus
1817 3085 1955 3119 nutrici

142 3143 362 3187 assignavit.
