2138 3438
904 136 1198 177 —75-

140 275 374 319 verisimile
406 280 474 319 est
504 279 548 318 et
577 277 826 319 adsentator
855 275 968 318 nihil
999 275 1125 318 aliud
1155 276 1242 318 nisi
1266 276 1397 319 homo
1429 277 1730 331 voluptatibus
1756 277 1960 329 servienS,

140 347 382 390 bodonicus
412 361 508 390 esse
538 346 723 389 videtur.
755 347 1080 390 Ps.-Plutarchi
1111 349 1242 396 κόλαξ
1273 348 1389 390 enim
1421 347 1575 390 eodem
1606 348 1738 391 modo
1773 348 1958 401 orditur,

142 432 228 473 quo
259 418 480 473 Epicurus
510 422 672 470 monet,
713 422 761 460 ut
790 422 988 473 tempore
1021 422 1211 471 utamur,
1257 418 1376 473 apud
1408 417 1530 461 Stob.
1560 418 1658 460 Ecl.
1690 419 1766 461 ΙΠ
1797 435 1839 474 p.
1859 421 1959 474 488,

143 491 167 531 7
188 488 247 532 Η.
278 489 352 544 (fr.
386 491 471 533 204
503 489 600 542 US.)
636 491 863 545 γεγόναμεν
893 492 1019 539 ἅπαξ,
1051 491 1113 537 ὃὶς
1145 492 1226 533 οὔκ
1256 492 1337 532 ἐστι
1356 491 1559 545 γενέσθαι.
1591 492 1652 533 δεῖ
1671 491 1717 533 δὲ
1736 492 1805 533 τὸν
1825 494 1960 534 αἰῶνα

141 563 286 616 μηκέτ’
309 563 425 605 εἶναι.
457 562 508 604 σὺ
541 562 587 604 δὲ
617 567 688 617 τῆς
719 565 868 615 αὔριον
899 563 981 604 οὒκ
1012 564 1076 604 ὢν
1107 563 1253 616 κύριος
1284 562 1497 617 ἀναβάλλῃ
1530 562 1601 603 τὸν
1633 563 1782 616 καιρόν
1813 579 1849 606 κ,
1870 579 1901 604 τ.
1922 563 1958 604 λ.

141 630 333 674 Accedit
362 631 483 675 linea
513 646 669 686 nempe
691 631 861 675 Stoica:
895 631 1108 675 Ps.-Plut.
1133 634 1185 675 13
1206 632 1246 674 B
1278 635 1347 675 καὶ
1377 634 1593 687 μετέωρον
1611 634 1736 675 αὐτὸν
1757 634 1960 687 ἀράμενοι

141 704 214 758 τὴν
245 706 434 758 ταχίστην
464 706 681 758 ἐξοίσομεν
725 703 823 746 coll.
861 702 1058 746 Iuvenal.
1091 707 1172 745 sat.
1205 705 1275 755 14,
1321 704 1407 746 250
1449 704 1542 745 iam
1579 717 1700 745 mmo
1743 704 1885 745 obstas
1921 708 1961 745 et

142 778 240 816 vota
272 775 459 817 moraris
500 773 575 828 (cf.
609 788 723 828 quae
762 774 820 817 ad
858 789 957 816 eum
993 773 1139 817 locum
1177 774 1365 817 adnotat
1395 772 1668 826 Schuetzius‚
1711 775 1807 816 Iuv.
1840 774 1960 816 ethic.

143 859 178 888 c.
209 845 321 898 IV.).
370 845 490 888 Num
529 845 686 887 deinde
725 846 833 900 quid
877 847 1129 888 accuratius
1162 845 1215 888 de
1247 845 1372 888 fonte
1416 846 1510 887 eius
1540 845 1747 900 imaginis
1790 845 1961 899 inquiri

141 916 295 969 possit,
328 915 509 959 difficile
542 919 609 958 est
641 916 887 959 diiudicata
917 918 964 959 in
996 931 1056 969 re,
1090 931 1203 971 quae
1234 931 1312 972 per
1345 931 1389 959 se
1423 916 1625 958 omnibus
1658 915 1821 959 Stoicis
1854 930 1957 959 con-

142 988 274 1030 venit.
320 988 601 1044 Quamquam
633 989 768 1043 igitur
800 988 1041 1031 similitudo
1075 1002 1264 1043 sequens
1301 1002 1391 1030 non
1421 987 1607 1030 multum
1638 987 1768 1041 valet,
1811 991 1959 1030 tamen

142 1073 231 1101 non
264 1063 331 1101 est
360 1059 654 1114 neglegenda:
686 1058 856 1102 Seneca
885 1059 956 1102 De
987 1060 1053 1102 ira
1083 1059 1134 1101 Π
1161 1061 1230 1111 21,
1266 1061 1289 1102 7
1323 1059 1564 1101 Posidonio
1597 1063 1776 1101 auctore
1809 1057 1960 1100 adula-

142 1134 259 1172 tores
292 1130 575 1185 reprehendit
607 1131 746 1186 (lonqe
776 1133 922 1186 itaque
952 1131 1003 1173 ab
1034 1131 1331 1173 adsentatione
1355 1131 1553 1186 pueritia
1584 1131 1836 1172 removenda
1867 1131 1958 1183 est).

140 1201 316 1244 Deinde
349 1201 606 1244 adsentator
637 1202 769 1243 simili
792 1202 924 1244 modo
950 1201 1136 1256 loquens
1161 1201 1399 1253 inducitur,
1433 1202 1578 1244 verbis
1603 1201 1717 1244 fictis
1744 1201 1836 1244 eius
1863 1201 1959 1243 ani-

141 1287 252 1324 mus,
273 1287 430 1325 mores,
453 1272 724 1327 depravandi
743 1287 814 1315 ars
833 1272 1126 1315 illustrantur.
1158 1273 1213 1314 In
1231 1276 1422 1315 mentem
1446 1272 1574 1315 nobis
1594 1273 1743 1314 veniat
1763 1271 1958 1315 Senecae

141 1344 451 1397 testimonium,
481 1343 564 1398 Ep.
587 1345 655 1396 95,
689 1346 756 1398 65,
800 1344 876 1386 ubi
907 1343 1175 1387 Posidonius
1212 1344 1459 1399 etholoqiatn
1492 1343 1764 1397 comprobat.
1816 1332 1961 1398 Quam

140 1413 246 1457 licet
276 1413 447 1457 Seneca
477 1414 504 1459 l.
535 1414 564 1457 l.
597 1414 725 1457 aliter
758 1415 949 1470 explicet
981 1429 1113 1470 quam
1145 1414 1217 1457 hic
1244 1415 1436 1469 quadrat
1464 1415 1609 1470 (siyna
1633 1416 1848 1469 cuiusque
1873 1415 1960 1456 vir-

141 1487 250 1532 tutis
279 1500 330 1528 ac
360 1487 461 1529 vitia·
490 1490 532 1528 ct
559 1490 687 1529 notas
717 1488 992 1541 reddentem:
1038 1486 1474 1528 animadvertendum
1513 1490 1576 1529 est
1609 1486 1727 1540 apud
1759 1486 1960 1528 rhetores

143 1571 317 1611 quoque
349 1559 578 1613 ἠθοποιίαν
609 1557 756 1611 fuisse,
801 1572 935 1612 quam
965 1558 1271 1613 Hermogenes
1303 1558 1523 1613 Προγυμν.
1568 1557 1697 1599 Rhet.
1732 1555 1809 1599 Gr.
1841 1572 1878 1598 V.
1910 1556 1960 1598 II

145 1630 198 1670 15
238 1627 315 1683 Sp.
353 1629 417 1670 ita
455 1628 625 1671 definit:
670 1632 708 1684 ἠ.
754 1631 834 1672 ἐστὶ
872 1632 1042 1684 μίμησις
1079 1631 1217 1685 ἤθους
1256 1631 1537 1683 ὑποκειμένου
1575 1630 1823 1682 προσώπου,
1867 1629 1958 1670 οἷον

141 1702 253 1747 τίνας
278 1703 330 1742 ἂν
356 1704 465 1743 εἴποι
489 1702 638 1756 λόγους
663 1718 700 1743 κ.
720 1718 750 1743 τ.
771 1702 804 1743 λ.
830 1701 903 1744 Ita
923 1700 1153 1742 Posidonii
1174 1714 1349 1754 quoque
1370 1700 1638 1754 ethologiam
1656 1698 1961 1750 intellexerim,

142 1775 192 1813 ut
221 1771 446 1813 hominum
485 1772 620 1814 animi
659 1786 710 1813 ac
748 1785 892 1814 mores
932 1772 1065 1814 etiam
1096 1771 1239 1813 verbis
1277 1772 1591 1825 exprimantur.
1641 1769 1961 1812 Adulatoris

142 1856 263 1897 ergo
296 1843 596 1896 tractati01)
629 1842 810 1885 Stoica
840 1842 947 1884 mihi
973 1856 1068 1884 esse
1087 1841 1277 1893 videtur3
1303 1842 1414 1883 nihil
1434 1842 1631 1896 impedit,
1658 1842 1788 1883 immo
1811 1840 1963 1895 aliqua

143 1914 343 1967 quamvis
374 1928 520 1968 pauca
552 1913 792 1965 adducunt,
826 1917 876 1955 ut
906 1927 1068 1956 novae
1102 1912 1193 1955 Sto
1205 1927 1261 1955 ae
1295 1927 1391 1955 eam
1424 1913 1745 1964 attribuamus.-

285 2030 315 2075 1)
339 2030 512 2065 Ceterum
527 2030 574 2065 de
588 2029 784 2064 adulatore
797 2030 977 2064 iudicium
992 2041 1076 2064 cum
1090 2029 1247 2064 Platone
1268 2030 1455 2075 congruit,
1475 2029 1633 2064 Phaedr.
1654 2030 1723 2065 240
1744 2029 1767 2075 (.
1782 2055 1790 2063 .
1806 2057 1814 2065 .
1829 2028 1963 2074 δεινῷ.

142 2090 264 2135 θηρίῳ
290 2091 353 2126 καὶ
375 2090 530 2135 μεγάλῃ
553 2089 681 2135 βλάβῃ
708 2090 820 2134 ὅμως
843 2090 1053 2135 ἐπέμειζεν
1076 2089 1100 2135 ἡ
1126 2091 1245 2136 φύσις
1268 2088 1416 2135 ἡδονήν
1440 2101 1526 2125 τινα
1541 2115 1548 2123 .
1566 2117 1573 2124 .
1589 2090 1623 2133 .).
