2138 3438
894 109 973 140 ·—
1036 109 1211 151 39—

155 252 294 293 dicere
323 265 374 293 ac
402 251 540 306 facere
565 252 723 304 doceat,
755 250 812 292 id.
837 250 887 292 II
913 251 982 300 17,
1007 249 1066 306 8),
1097 249 1224 292 11111111
1251 249 1295 291 in
1323 250 1593 304 argumentis
1618 250 1849 292 rhetoricis
1875 265 1971 293 ver-

158 325 304 364 satum
337 335 432 364 esse
465 325 668 376 apparet:
707 321 999 363 institutionis
1033 321 1251 363 oratoriae
1284 320 1509 375 exemplar
1539 335 1746 375 magnum
1779 325 1857 374 est,
1895 321 1972 375 qui

115 435 117 438 ⁴
158 396 204 434 et
220 406 365 435 mores
383 392 644 434 instruxerit
669 396 713 434 et
738 391 1036 446 eloquentiam
1062 391 1270 434 docuerit.
1303 390 1392 433 Sed
1413 405 1501 445 qua
1527 405 1572 432 re
1598 392 1720 433 nisus
1747 391 1970 446 Dyroffius

158 479 199 518 p.
231 465 315 507 291
351 462 579 506 confirmet
612 463 725 518 „Die
758 462 1047 517 Aufstellung
1080 462 1156 504 des
1187 462 1359 504 Phonix
1404 462 1470 504 als
1509 462 1628 504 eines
1659 462 1969 517 Musterpada-

159 549 300 590 gogen
325 534 405 576 hat
425 533 530 576 aber
549 534 645 576 eine
668 533 816 589 Spitze
837 548 974 588 gegen
993 533 1171 585 Platon,
1203 533 1388 575 welcher
1403 533 1536 588 jenen
1564 537 1691 575 unter
1718 533 1971 587 Beziehung

159 605 239 648 auf
282 605 439 648 dessen
476 604 633 647 Worte
680 605 849 647 Homer
892 605 916 647 Ι
947 606 1033 647 513
1048 604 1090 648 ff.
1123 604 1320 658 getadelt
1360 603 1485 646 hatte
1530 604 1643 659 (Pol.
1676 605 1762 646 390
1788 605 1858 653 E).
1908 605 1971 646 Es

159 676 291 718 stand
317 676 395 718 der
421 675 531 719 Stoa
552 708 560 717 .
583 707 592 717 .
614 707 624 718 .
649 676 764 718 wohl
789 690 859 729 an,
887 690 943 718 an
969 675 1143 718 Phonix
1167 675 1464 717 festzuhalten
1489 677 1637 728 usw.“,
1661 676 1821 718 nescio.
1853 674 1972 717 Nam

158 747 292 789 Plato
324 747 351 789 l.
378 747 404 790 l.
446 747 566 804 (οὐδὲ
597 749 667 790 τὸν
697 753 770 791 τοῦ
798 748 1015 802 Ἀχιλλέως
1045 748 1318 802 παιδαγωγὸν
1355 747 1528 789 Φοίνικα
1559 748 1804 796 ἐπαινετέον,
1841 749 1902 793 ὡς
1934 763 1972 788 κ.

157 837 188 862 τ.
209 819 263 876 λ.)
307 833 397 861 11011
429 818 696 861 Phoenicem
742 818 819 860 sed
849 818 1091 860 Homerum
1128 817 1408 872 reprehendit
1450 831 1591 872 neque
1637 818 1873 872 quicquam
1919 817 1972 858 de

157 890 279 932 illius
310 889 506 932 moribus
538 904 680 944 neque
713 889 767 931 de
800 893 894 932 arte
927 888 1146 931 educandi
1176 889 1355 932 iudicat.
1387 887 1525 932 Stoici
1555 889 1690 944 igitur
1719 903 1808 931 non
1840 888 1971 931 habe-

159 961 281 1013 bant,
320 975 399 1003 cur
438 964 594 1003 contra
625 960 830 1003 Platonis
864 961 1113 1015 opinionem
1150 959 1277 1002 illum
1310 960 1522 1014 optimum
1559 960 1866 1014 paedagogum
1898 960 1972 1002 de·

160 1032 408 1075 senderent.
434 1031 505 1073 Ex
531 1031 799 1086 Quintiliani
819 1036 964 1073 autem
984 1031 1083 1074 loco
1102 1045 1191 1073 non
1212 1020 1408 1085 seduitur
1428 1031 1694 1073 Phoenicem
1708 1046 1733 1073 a
1753 1031 1971 1073 veteribus

162 1103 324 1147 Stoicis
348 1117 519 1145 morum
547 1103 811 1157 optimorum
837 1102 1063 1157 exemplar
1086 1102 1287 1144 habitum
1314 1103 1463 1156 essel).
1495 1102 1771 1156 Ubicumque
1798 1103 1851 1144 de
1879 1103 1972 1144 eius

167 1174 596 1227 educandiratione
629 1173 830 1227 legimus,
874 1173 922 1215 id
954 1173 1177 1225 laudatur,
1223 1174 1341 1227 quod
1372 1173 1596 1215 Achillem
1629 1178 1673 1215 et
1703 1173 1898 1215 moribus
1931 1178 1974 1216 et

160 1246 414 1300 eloquentia
446 1244 666 1296 instruxit,
711 1244 830 1299 quod
861 1249 1038 1299 praeter
1075 1259 1245 1286 morum
1276 1244 1590 1299 perfectionem
1626 1245 1759 1286 etiam
1793 1245 1972 1287 dicendi

160 1320 425 1372 potestatem
451 1316 748 1358 necessariam
775 1329 869 1357 esse
889 1330 978 1357 nou
1002 1315 1278 1370 ignoravit2).
1311 1315 1462 1371 Quare
1481 1319 1531 1357 ut
1548 1317 1701 1371 negari
1720 1330 1807 1358 non
1828 1320 1974 1370 potest

158 1387 427 1430 Phoenicem
446 1387 634 1430 fortasse
662 1401 688 1429 a
707 1387 868 1429 Stoicis
896 1400 1070 1441 quoque
1091 1386 1342 1429 educatoris
1362 1386 1585 1441 exemplar
1602 1386 1802 1429 habitum
1822 1387 1971 1444 esse-³),

158 1462 223 1501 ita
255 1459 536 1514 perspicuum
568 1462 634 1500 est
666 1458 791 1500 illum
816 1458 946 1513 vulgo
981 1458 1192 1513 optimum
1218 1462 1546 1513 praeceptorem
1577 1458 1726 1511 fuisse,
1758 1459 1973 1513 imprimis

162 1523 307 1589 autem
354 1530 408 1572 ab
449 1530 558 1572 artis
588 1529 832 1572 rhetoricae
871 1529 1164 1572 sectatoribus
1200 1530 1350 1583 magni
1387 1529 1551 1571 factum
1590 1543 1698 1571 esse.
1749 1530 1973 1573 Ps.-Plu-

162 1602 398 1644 tarchum
423 1602 560 1655 igitur
584 1602 742 1643 iterum
769 1600 978 1643 dicendi
1011 1605 1207 1643 rectum
1232 1615 1376 1642 usum
1403 1601 1667 1654 respicere
1700 1600 1972 1642 crediderim.

161 1699 216 1705 —
242 1673 298 1715 In
322 1673 546 1727 magistris
573 1672 730 1714 deinde
759 1672 946 1726 scriptor
970 1672 1179 1726 postulat,
1210 1675 1260 1713 ut
1285 1686 1418 1725 quam
1446 1672 1623 1725 optimis
1650 1672 1844 1713 moribus
1870 1672 1971 1723 sint,

160 1748 210 1786 ut
241 1744 430 1787 docendi
461 1743 716 1798 peritissimi
749 1744 851 1798 (ταῖς
875 1745 1103 1797 ἐμπειρίαις
1129 1742 1311 1799 ἄριστοι).
1346 1741 1471 1796 Quae
1497 1746 1734 1796 praecepta
1761 1746 1856 1784 tota
1881 1742 1972 1785 fere

163 1815 222 1857 ad
253 1829 324 1857 res
357 1829 493 1869 supra
525 1818 741 1856 tractatas
773 1814 1048 1868 pertinent4).
1083 1813 1342 1867 Comparari
1373 1817 1570 1867 possunt,
1604 1827 1717 1866 quae
1745 1814 1920 1868 saepius
1946 1828 1972 1856 a

159 1885 439 1941 philosophis
471 1885 768 1939 postulantur,
813 1889 863 1927 ut
892 1884 983 1927 vita
1015 1899 1113 1926 cum
1146 1883 1359 1937 doctrina,
1401 1883 1520 1925 facta
1557 1898 1655 1926 cum
1686 1883 1831 1926 verbis
1871 1899 1972 1927 con-

160 1957 373 2011 gruant.5)
407 1956 538 2011 Quod
570 1970 675 1998 sane
708 1955 852 1998 minus
885 1955 943 1998 ad
972 1956 1242 2009 magistrum,
1274 1955 1328 1996 de
1355 1968 1441 2009 quo
1473 1954 1545 1997 hic
1571 1955 1729 2009 agitur,
1757 1969 1888 2009 quam
1915 1956 1973 1997 ad

160 2027 466 2082 philosophiae
499 2027 701 2070 doctores
732 2028 939 2082 pertinet;
973 2030 1122 2068 tamen
1149 2039 1201 2068 ex
1226 2026 1380 2068 eadem
1407 2040 1512 2067 cura
1536 2025 1619 2068 hoc
1646 2040 1820 2080 quoque
1846 2041 1971 2080 prae-

162 2102 337 2153 ceptum
369 2102 513 2141 ortum
545 2102 623 2151 est,
657 2112 743 2152 quo
776 2113 945 2140 morum
976 2112 1065 2140 non
1095 2098 1240 2139 minus
1273 2110 1405 2151 quam
1432 2096 1659 2139 doctrinae
1690 2098 1736 2138 in
1762 2098 1972 2152 magistro

306 2228 330 2271 ¹)
357 2227 519 2262 Accedit
544 2238 643 2272 sane,
669 2227 708 2262 id
728 2227 827 2272 quod
847 2225 1036 2271 Dyroffius
1056 2227 1192 2271 omisit,
1217 2227 1416 2261 Phoenicis
1437 2226 1556 2272 figura
1572 2227 1719 2271 poetica
1745 2229 1794 2270 (v,
1817 2227 1973 2261 Valcke-

161 2297 263 2330 naer,
301 2286 470 2321 Diatribe
507 2287 547 2321 in
571 2286 764 2331 Euripidis
802 2286 904 2331 perd.
931 2286 1005 2321 fab.
1028 2286 1094 2320 rel.
1113 2298 1148 2331 p.
1163 2287 1232 2322 262
1248 2287 1316 2330 sq).
1354 2285 1554 2330 Euripides
1586 2285 1811 2320 Phoenicem
1843 2289 1974 2321 contra

162 2345 381 2391 Homerum,
420 2347 483 2391 qui
508 2357 591 2380 eum
618 2346 801 2381 nonnulla
825 2346 1038 2390 peccavisse
1063 2348 1204 2389 narrat,
1242 2345 1470 2380 incolumem
1497 2356 1539 2379 ac
1572 2356 1707 2389 purum
1739 2345 1973 2389 (ἄπταιστον

161 2404 334 2440 Eustath.
373 2406 412 2439 in
435 2404 482 2440 11.
508 2405 530 2440 Ι
555 2417 590 2450 p.
605 2406 686 2448 667,
712 2406 771 2449 35)
812 2405 939 2448 finxit3
980 2405 1132 2450 optimis
1164 2405 1279 2450 igitur
1309 2404 1475 2438 moribus
1513 2415 1598 2438 eum
1630 2403 1840 2449 descripsit,
1878 2405 1973 2439 sicut

160 2463 304 2499 Ennius
330 2465 437 2499 illum
463 2467 610 2499 secutus
642 2466 690 2508 (v.
718 2464 815 2500 Gell.
842 2464 888 2500 N.
915 2465 951 2498 A
977 2463 1058 2499 VH
1085 2464 1156 2507 17).
1187 2464 1295 2498 Licet
1321 2463 1512 2508 Euripidis
1538 2463 1707 2498 Phoenix
1732 2463 1844 2498 homo
1870 2475 1973 2508 prae-

162 2526 264 2558 stans
291 2535 333 2558 ac
357 2524 508 2559 virtutis
533 2524 664 2568 plenus
689 2523 818 2568 fuerit,
856 2526 982 2558 tamen
1008 2534 1051 2558 ea
1076 2535 1133 2558 res
1160 2523 1207 2557 ad
1233 2523 1311 2557 eius
1338 2526 1456 2557 artem
1488 2522 1671 2557 educandi
1702 2522 1797 2556 nihil
1825 2523 1972 2559 attinet.

302 2595 332 2639 2)
358 2595 471 2639 Apud
498 2594 785 2639 Xenophontem
813 2606 960 2639 quoque
985 2594 1113 2639 Symp.
1138 2595 1172 2638 8,
1197 2595 1243 2630 23
1269 2594 1364 2628 nihil
1390 2594 1493 2629 aliud
1513 2594 1689 2628 laudatur
1704 2605 1830 2638 quam:
1858 2594 1880 2629 ὁ
1899 2596 1974 2638 μὲν

162 2654 240 2699 γὰρ
263 2652 468 2690 παιδεύων
492 2655 629 2700 λέγειν
654 2666 698 2690 τε
723 2655 748 2689 ἂ
773 2653 836 2690 δεῖ
863 2656 926 2690 καὶ
950 2655 1138 2700 πράττειν
1163 2666 1196 2689 κ.
1214 2665 1246 2689 τ.
1268 2657 1300 2689 λ.

306 2724 332 2768 ³)
358 2723 436 2760 Sed
472 2736 547 2760 non
584 2728 641 2761 est
679 2724 1058 2770 praetermittendum
1089 2724 1293 2760 Clementis
1331 2724 1394 2759 Al.
1426 2723 1616 2766 iudicium,
1656 2725 1718 2768 qui
1744 2723 1970 2757 Phoenicem

164 2784 368 2828 vituperat:
385 2785 677 2830 γυναικομανὴς
696 2811 703 2819 .
725 2811 734 2819 .
755 2811 762 2819 .
783 2783 842 2830 ἦν.
862 2783 965 2828 Quae
979 2785 1174 2828 sententia,
1196 2794 1421 2828 quamquam
1435 2782 1528 2816 nihil
1542 2782 1634 2816 certi
1650 2783 1821 2816 concludi
1836 2785 1972 2826 potest,

165 2841 331 2877 Stoicam
357 2843 514 2878 fortasse
540 2844 818 2888 rigorositatem
844 2843 952 2887 sapit.

306 2913 334 2956 ⁴)
360 2913 514 2955 Quintil.
542 2914 587 2947 de
612 2914 833 2959 paedagogo
859 2925 981 2958 praec.
1008 2913 1028 2947 Ι
1055 2914 1086 2956 1,
1117 2913 1176 2954 10;
1203 2913 1235 2954 2,
1261 2913 1299 2956 5;
1325 2912 1367 2947 II
1394 2913 1426 2957 3,
1455 2913 1509 2946 12.

307 2985 334 3027 ⁵)
361 2983 408 3020 cf.
441 2984 519 3018 Cic.
546 2983 654 3018 Tusc.
681 2984 774 3028 disp.
800 2983 845 3018 ΙΙ.
869 2985 903 3027 4,
936 2984 990 3027 11,
1020 2983 1150 3018 Senec.
1177 2983 1247 3027 Ep.
1274 2983 1329 3027 88,
1362 2983 1425 3025 893
1466 2983 1546 3027 103,
1572 2983 1634 3025 23;
1673 2983 1730 3025 52,
1755 2982 1789 3026 8,
1816 2981 1972 3027 Quintil.

165 3044 255 3078 Inst.
282 3042 344 3077 Or.
371 3043 392 3077 1
416 3054 470 3087 pr.
500 3043 560 3086 153
597 3043 730 3087 quibus
760 3043 939 3087 exemplis
971 3054 1052 3077 eam
1084 3053 1161 3076 rem
1196 3043 1378 3086 imprimis
1403 3041 1583 3076 Romanis
1613 3041 1844 3086 temporibus
1876 3044 1972 3076 trac-

164 3104 283 3136 tatam
309 3113 387 3136 esse
412 3101 602 3146 probatur.
