2138 3438
915 127 1208 169 —55-

154 268 274 311 solus
306 267 530 311 civitatem
560 267 671 310 bene
703 271 748 309 et
779 281 879 310 cum
910 267 1052 310 salute
1073 267 1280 310 ‘omnium
1311 281 1462 322 regere
1494 268 1589 320 scit,
1621 268 1697 310 sed
1729 281 1882 310 revera
1912 281 1967 309 ne

153 339 274 394 ipsos
305 339 483 394 quidem
514 342 798 393 praeceptum
830 338 1062 393 perfecisse
1095 343 1228 392 atque
1258 337 1496 380 nonnullas
1524 352 1682 380 causas
1708 339 1965 393 repperisse,

155 410 315 464 quibus
345 410 520 465 sapiens
551 404 636 452 hoc
681 409 826 452 officio
859 409 1131 452 liberaretur.
1176 408 1346 452 Seneca
1378 408 1555 463 quidem
1598 423 1678 463 pro
1711 423 1757 451 re
1788 409 1968 463 publica

154 481 262 523 scite
294 480 506 523 mundum
536 481 676 535 ponit,
707 481 903 535 priorum
937 479 1172 523 nonnullos
1206 484 1383 522 secutus
1421 483 1488 533 (ut
1517 480 1602 534 Ep.
1634 482 1703 533 68,
1741 482 1766 521 2
1801 481 1864 522 vel
1900 482 1967 534 14,

157 553 242 607 14).
272 551 597 594 Ps-Plutarchi
626 552 763 606 igitur
792 555 1092 606 praeceptum,
1126 566 1212 605 quo
1244 554 1295 593 ut
1324 553 1418 607 βίος
1440 552 1650 598 πολιτικός
1675 552 1967 606 coniungatur

155 637 255 664 cum
285 624 551 678 θεωρητικῷ,
585 623 662 677 qui
687 621 770 665 soli
794 622 1100 677 philosophiae
1132 626 1198 665 est
1229 621 1420 675 deditus,
1450 622 1653 676 exigitur,
1684 621 1740 663 ab
1775 622 1967 663 omnium

155 691 451 736 Stoicorum
482 693 686 735 doctrina
715 708 807 736 non
839 693 1063 735 abhorret.
1095 693 1263 735 Tamen
1294 693 1484 735 vitarum
1514 692 1592 734 illa
1624 692 1796 745 divisio,
1834 707 1967 746 quam

153 763 345 816 laudavi,
376 763 691 807 Aristotelis
723 764 1026 807 distributioni
1047 758 1206 806 cessit:
1239 764 1340 806 Eth.
1365 764 1464 807 Nic.
1498 766 1612 807 1095
1631 764 1659 806 b
1688 765 1743 806 19
1770 767 1859 806 tres
1883 766 1967 818 βίοι

153 838 268 888 sunt,
293 837 318 877 ὁ
342 837 583 890 πρακτικός,
611 837 635 878 ὁ
660 837 934 891 θεωρητικός,
961 837 986 877 ὁ
1014 837 1320 882 ἀπολαυστικός
1345 839 1478 889 atque
1502 835 1637 877 tertia
1654 834 1796 877 forma
1814 835 1965 877 utrim-

154 920 239 960 que
270 906 403 948 simili
433 906 562 949 modo
593 906 872 961 repudiatur:
904 905 1090 950 Aristot.
1122 909 1163 948 οἱ
1191 908 1270 962 μὲν
1301 907 1378 949 οὖν
1401 907 1549 950 πολλοὶ
1572 907 1788 953 παντελῶς
1812 907 1966 960 ἄνδρα·

151 979 364 1024 ποὸώόεις
393 979 679 1033 βοσκημάτων
707 980 801 1033 βίον
830 979 1162 1033 προαιρούμενοι
1192 1003 1249 1008 --
1280 977 1495 1019 Ps.-Plut.
1526 979 1550 1019 ὁ
1581 979 1659 1031 μὲν
1690 978 1767 1020 οὖν
1797 978 1967 1024 ἔκλυτος

152 1050 224 1091 καὶ
259 1049 415 1096 δοῦλος
450 1053 536 1091 τῶν
572 1049 743 1103 ἡδονῶν
775 1047 904 1105 (βίος)
936 1050 1119 1103 ζῳώδης
1157 1050 1226 1090 καὶ
1255 1050 1551 1103 μικροπρεπής
1580 1053 1698 1091 ἔστιν.
1750 1047 1867 1091 Sane
1904 1048 1966 1090 Vi-

153 1124 301 1161 tarum
326 1119 576 1162 aestimatio
602 1119 774 1174 reliqua
801 1120 856 1161 ab
876 1119 1120 1162 Aristotele
1147 1119 1214 1161 vel
1239 1120 1387 1174 potius
1412 1119 1636 1161 nonnullis
1656 1119 1965 1173 Peripateticis

153 1190 299 1233 aliena
330 1204 425 1232 esse
456 1190 642 1242 videtur,
675 1204 784 1244 quos
815 1191 951 1232 vitam
984 1190 1384 1245 contemplativam,
1416 1191 1610 1232 scientiis
1643 1190 1837 1232 deditam
1869 1190 1965 1244 plu-

153 1261 252 1303 rimi
293 1259 448 1303 fecisse
486 1265 640 1303 notum
678 1265 757 1303 est.
804 1259 894 1303 Sed
930 1260 1210 1304 nihilosetius
1241 1261 1439 1315 Peripati
1477 1261 1677 1303 doctrina
1716 1275 1966 1303 communes

151 1332 269 1374 vitae
300 1346 369 1373 res
401 1331 744 1386 societatemque
777 1332 975 1386 respicit:
1014 1331 1136 1374 Stob.
1167 1331 1263 1375 Ecl.
1295 1332 1345 1374 II
1381 1334 1477 1385 125,
1512 1334 1565 1374 19
1586 1332 1658 1374 W.
1689 1338 1963 1387 παραμετρεῖ-

152 1405 254 1446 σθαι
278 1435 287 1445 .
316 1437 324 1444 .
350 1435 360 1445 .
392 1404 462 1446 τὸν
479 1405 573 1458 βίον
590 1409 676 1450 ταῖς
705 1404 931 1461 πολιτικαῖς
954 1405 1025 1446 καὶ
1050 1410 1136 1451 ταῖς
1161 1409 1427 1451 κοινωνικαῖς
1449 1405 1622 1458 πράξεσι
1646 1405 1718 1447 καὶ
1741 1409 1827 1451 ταῖς
1851 1406 1963 1446 θεω-

152 1480 347 1529 ρητικαῖς.
379 1507 387 1515 .
409 1507 418 1516 .
439 1507 447 1516 .
468 1477 520 1517 οὗ
541 1506 550 1515 .
571 1508 579 1515 .
599 1508 609 1515 .
642 1477 840 1529 φίλαυτον
871 1476 973 1517 εἶναι
1003 1476 1076 1530 τὴν
1106 1476 1256 1530 ἀρετήν
1275 1508 1284 1517 .
1305 1507 1315 1517 .
1336 1508 1344 1516 .
1377 1476 1479 1517 ἀλλὰ
1511 1476 1766 1530 κοινωνικὴν
1793 1476 1862 1517 καὶ
1886 1491 1963 1517 πο-

151 1547 327 1599 λιτικήν,·
360 1544 465 1587 ibid.
501 1547 598 1597 143,
628 1547 686 1588 24
717 1548 1053 1601 προαιρήσεσθαι
1083 1547 1162 1600 μὲν
1193 1547 1271 1601 γὰρ
1304 1547 1374 1588 καὶ
1403 1548 1593 1600 πράττειν
1618 1547 1687 1588 καὶ
1711 1547 1892 1599 θεωρεῖν
1916 1547 1964 1587 τὰ

151 1617 271 1658 καλά.
301 1615 373 1657 Ita
405 1615 523 1670 apud
555 1630 629 1658 eos
655 1630 832 1670 quoque
857 1616 1158 1671 philosophos,
1192 1631 1302 1671 quos
1329 1616 1719 1671 Neopythagoreos
1746 1630 1965 1668 vocamus,

152 1686 339 1728 eandem
376 1678 565 1728 vitarum
597 1687 949 1729 aestimationem
981 1689 1237 1739 invenimus,
1284 1702 1471 1741 quorum
1505 1687 1733 1741 opiniones
1777 1686 1963 1729 fortasse

152 1772 175 1800 e
207 1758 404 1812 Peripati
437 1757 639 1800 doctrina
670 1772 724 1799 ex
755 1762 881 1812 parte
913 1757 1149 1800 fluxerunt:
1181 1757 1411 1800 Iamblich.
1438 1759 1596 1813 Προτρ.
1621 1774 1663 1812 p.
1689 1759 1772 1800 119
1792 1757 1854 1800 A:
1887 1772 1962 1812 op-

150 1829 284 1870 timus
318 1833 385 1870 est
421 1831 445 1871 ὅ
475 1830 677 1876 πλείστοις
708 1831 924 1885 ὠφέλιμος
960 1831 1024 1872 ὤν
1056 1830 1213 1884 (βίος),·
1258 1828 1482 1883 Archytas
1528 1844 1595 1883 ap.
1635 1828 1755 1872 Stob.
1787 1829 1882 1871 Ecl.
1913 1829 1963 1871 ΙΙ

151 1915 192 1954 p.
213 1901 313 1953 230,
346 1901 372 1942 6
394 1899 465 1941 W.
492 1901 572 1943 δύο
597 1901 677 1954 μὲν
701 1899 764 1942 ὧν
784 1903 863 1943 ἕντι
881 1902 965 1955 βίοι
991 1902 1202 1944 ἀντίπαλοι
1222 1933 1231 1943 .
1252 1934 1260 1942 .
1282 1935 1290 1943 .
1321 1902 1550 1955 πρακτικός
1568 1918 1610 1942 τε
1628 1901 1699 1943 καὶ
1717 1902 1961 1956 φιλόσοφος.

84 1982 88 1987 “
149 1971 258 2013 πολὺ
302 1972 348 2013 δὲ
391 1973 568 2026 κάρρων
605 1973 743 2014 δοκέει
773 1973 886 2026 εἶμεν
916 1973 940 2013 ὁ
972 1973 1018 2020 ἐξ
1049 1974 1306 2027 ἀμφοτέρων
1336 1973 1607 2027 κεκραμένος.
1647 1971 1822 2014 Similes
1855 1985 1962 2013 sane

150 2041 239 2082 iam
283 2045 477 2083 veterum
508 2041 888 2097 Pythagoreorum
922 2043 1151 2097 opiniones
1188 2047 1326 2085 erant.
1370 2042 1424 2084 In
1456 2042 1778 2085 Ps.-Plutarchi
1815 2046 1962 2084 autem

150 2111 313 2154 iudicio
354 2112 538 2154 nimium
580 2113 696 2155 vitae
734 2112 940 2167 publicae
976 2118 1246 2156 momentum
1284 2139 1340 2144 —
1377 2127 1480 2155 nam
1520 2115 1544 2155 ὁ
1579 2115 1841 2169 θεωρητικὸς
1870 2116 1962 2169 βίος

151 2181 271 2224 solus
302 2185 525 2239 ἀνωφελής
555 2187 622 2225 est
655 2209 707 2214 —-
749 2187 792 2226 et
829 2198 856 2226 a
888 2183 1137 2226 Stoicorum
1174 2188 1219 2226 et
1261 2198 1288 2226 a
1318 2184 1521 2238 Peripati
1563 2184 1735 2226 ratione
1769 2184 1961 2226 alienum

151 2266 246 2295 esse
276 2254 430 2308 negari
460 2269 550 2296 non
580 2258 745 2309 potest:
788 2254 1096 2309 philosophiae
1141 2255 1317 2298 omnino
1361 2270 1450 2297 non
1480 2254 1747 2309 respondere
1779 2255 1961 2297 videtur.

151 2323 273 2366 Talis
311 2325 459 2379 opinio
490 2325 639 2368 nescio
665 2340 723 2368 an
750 2330 827 2368 aut
857 2326 1114 2381 vulgaribus
1149 2325 1421 2369 Graecorum
1449 2326 1728 2380 opinionibus
1756 2331 1832 2368 aut
1862 2326 1959 2368 rhe-

148 2399 293 2438 to‘rum
324 2395 391 2439 vel
422 2397 718 2451 sophistarum
752 2398 1093 2452 cogitationibus
1126 2398 1272 2452 aptior
1304 2399 1373 2440 sit.
1405 2397 1607 2439 Eandem
1638 2412 1735 2440 vere
1763 2397 1959 2440 Stoicam

148 2481 239 2509 non
259 2481 353 2509 esse
379 2467 476 2509 aliis
504 2482 678 2522 quoque
704 2471 974 2524 argumentis
1001 2469 1226 2523 probatur.
1259 2468 1436 2512 Stoicus
1463 2469 1580 2510 enim
1605 2473 1774 2521 auctor,
1806 2469 1843 2510 si
1875 2468 1959 2510 sibi

149 2538 450 2592 proposuisset
482 2540 784 2593 quaestionem
816 2543 853 2583 εἰ
879 2541 1130 2583 πολιτεύεται
1161 2542 1185 2582 ὅ
1217 2541 1363 2595 σοφός,
1395 2553 1491 2581 eam
1516 2539 1582 2581 ita
1608 2539 1877 2593 absolvisset,
1911 2544 1959 2582 ut

150 2609 341 2663 sapienti
366 2623 457 2651 rem
489 2609 713 2664 publicam
740 2610 1058 2665 capessendam
1085 2624 1179 2652 esse
1205 2611 1539 2662 demonstraret,
1573 2610 1677 2664 quia
1703 2615 1747 2652 et
1773 2615 1957 2653 maxime

149 2679 216 2721 vel
249 2679 368 2722 solus
398 2679 583 2722 idoneus
615 2682 771 2735 esset1)
804 2684 849 2723 et
880 2680 1025 2723 officia
1051 2694 1156 2735 erga
1180 2682 1369 2735 patriam
1396 2685 1439 2723 et
1465 2695 1737 2723 communem
1770 2682 1956 2723 salutem

149 2750 420 2804 praestanda
437 2751 776 2808 postularent²);
802 2756 1032 2806 praeterea
1057 2751 1244 2794 fortasse
1265 2752 1594 2806 comprobasset
1614 2752 1957 2806 uniuscuiusque

151 2820 382 2862 commoda
414 2835 512 2863 cum
544 2822 736 2864 omnium
768 2822 908 2865 salute
941 2823 1158 2865 artissime
1191 2822 1482 2879 cohaerere3).
1527 2822 1655 2866 Certe
1686 2823 1798 2865 illud
1829 2837 1955 2877 prae-

295 2937 322 2982 1)
348 2937 402 2973 Ut
421 2938 550 2973 Theon
574 2939 613 2973 in
637 2939 733 2977 thesi
760 2940 805 2974 de
830 2940 901 2974 hac
926 2951 965 2975 re
991 2940 1131 2984 habita,
1157 2940 1269 2977 Rhet.
1299 2940 1364 2977 Gr.
1393 2940 1457 2985 Sp.
1479 2940 1521 2975 II
1543 2941 1627 2983 1233
1654 2940 1701 2974 cf.
1722 2940 1865 2984 Dyroff.
1892 2941 1915 2975 l.
1931 2941 1955 2975 1.

293 2996 321 3040 ²)
348 2997 400 3032 Ut
423 2996 532 3032 Philo
557 2998 618 3033 vel
643 2997 857 3043 Epictetus3
884 2998 931 3033 cf.
952 2998 1177 3043 Wendland,
1196 2999 1308 3034 Philo
1335 3012 1369 3035 u.
1390 3000 1425 3035 d.
1452 2999 1538 3043 kyn.
1566 3021 1610 3024 —
1629 3003 1673 3034 st.
1701 3000 1820 3035 Diatr.
1847 3011 1881 3044 p.
1896 3000 1953 3035 47.

293 3056 323 3100 ³)
348 3055 405 3091 Of.
431 3056 562 3091 Cicero
589 3057 644 3092 De
664 3056 725 3092 fin.
751 3057 816 3092 ΙΙΙ
842 3058 904 3102 643
932 3058 1041 3104 Diog.
1063 3057 1188 3093 Laert.
1209 3058 1290 3094 VII
1310 3059 1395 3102 1303
1420 3058 1582 3103 Epictet.
1604 3058 1646 3093 ΙΙ
1667 3059 1723 3103 10,
1743 3059 1805 3103 15;
1832 3059 1955 3093 Zeller

150 3114 213 3149 III
242 3116 273 3159 1,
299 3114 378 3150 286.
