2138 3438
900 115 1193 162 —103-ss

139 257 328 312 deditus,
362 261 620 314 quaestione
643 249 678 300 'a
709 259 921 313 magistro
965 260 1194 315 proposita
1240 261 1288 304 Τί
1314 279 1370 309 τις
1401 265 1453 304 ἂν
1484 265 1572 318 ἔχοι
1603 266 1728 307 εἰπεῖν
1758 266 1852 320 περὶ
1884 268 1952 322 τῆς

137 336 222 374 τῶν
239 332 476 386 ἐλευθέρων
493 331 660 374 παίδων
680 333 849 386 ἀγωγῆς
868 330 953 373 hoc
973 331 1234 385 opusculum
1255 333 1524 388 conscripsit.
1557 334 1724 389 Incipit
1748 336 1950 391 magistri

139 403 399 456 quaestione
430 401 602 452 iterata,
635 415 938 456 quaecumque
971 402 1016 444 in
1048 406 1238 446 mentem
1264 404 1304 445 ei
1329 405 1523 456 veniunt,
1557 407 1793 460 componit,
1826 407 1949 450 locos

136 473 379 516 rhetoricos
423 473 646 516 decantat.
697 472 965 515 Plutarchus
1010 473 1199 528 denique
1243 473 1297 517 de
1348 489 1480 530 opere
1531 476 1733 519 iudicans
1777 478 1948 521 addidit

137 544 270 588 verba
295 546 340 588 τὸ
365 546 442 600 μὲν
468 544 544 587 οὖν
571 562 607 587 κ.
634 562 665 587 τ.
690 546 723 587 λ.
751 548 876 600 Quae
903 545 1157 588 coniectura
1178 560 1282 588 sane
1308 546 1456 589 facilis
1477 550 1610 602 atque
1630 553 1774 601 acuta,
1802 552 1950 592 tamen

134 616 280 659 inanis
323 616 540 670 nimisque
584 615 688 658 ficta
733 615 838 658 mihi
882 616 1060 670 quidem
1103 631 1195 659 esse
1228 617 1413 660 videtur.
1457 617 1610 674 Atque
1642 619 1729 662 duo
1761 621 1947 664 maxime

135 691 398 743 argumenta
430 687 654 730 contraria
686 688 725 729 61
758 691 879 729 sunt:
914 688 1171 742 scriptorem
1203 703 1344 743 neque
1390 689 1654 745 discipulum
1685 690 1752 733 vel
1796 691 1946 734 adule-

135 762 329 802 scentem
372 772 514 814 neque
552 773 575 801 e
613 758 846 801 Plutarchi
883 758 1034 802 schola
1046 759 1080 817 ¹)
1123 759 1258 803 fuisse
1303 760 1422 803 credi
1465 765 1621 816 potest.
1682 763 1800 806 Nam
1845 768 1946 807 ante

136 832 283 874 omnia
308 830 395 874 loci
422 830 706 873 examinandi
732 834 845 883 sunt,
874 831 1030 885 quibus
1056 832 1246 886 scriptor
1267 832 1333 875 vel
1360 833 1412 875 de
1439 847 1484 875 36
1510 834 1606 888 ipso
1627 834 1695 876 vel
1722 835 1775 877 de
1802 839 1948 878 aetate

134 917 216 945 sua
247 901 417 957 aliquid
447 902 633 945 indicat:
680 904 705 945 9
726 902 766 944 Β
798 904 880 958 ἤδη
914 903 960 945 δέ
994 921 1098 950 τινας
1129 905 1213 959 ἐγὼ
1259 906 1371 947 εἶδον
1410 908 1591 960 πατέρας
1623 924 1660 948 κ.
1686 924 1718 948 τ.
1745 908 1793 959 λ.,
1829 909 1882 949 12
1903 906 1948 949 Α

132 976 333 1022 πολλάκις
376 975 455 1030 γὰρ
500 976 836 1030 κατεμεμψάμην
880 975 975 1022 τοὺς
1019 977 1260 1032 μοχθηρῶν
1302 978 1421 1019 ἐθῶν
1465 979 1682 1033 γεγονότας
1724 981 1950 1034 εἰσηγητάς,

137 1047 191 1089 13
211 1045 256 1088 Α
288 1047 394 1101 ὅπερ
424 1047 509 1101 ἐγὼ
549 1047 748 1093 πολλάκις
779 1048 848 1088 καὶ
890 1047 998 1101 πρὸς
1036 1047 1219 1093 πολλοὺς
1253 1051 1335 1090 τῶν
1372 1050 1563 1104 πατέρων
1595 1050 1768 1092 διατελῶ
1801 1051 1947 1105 λέγων,

135 1119 161 1160 4
181 1116 227 1159 Α
258 1120 346 1161 ἐπεὶ
378 1123 452 1160 νῦν
484 1135 527 1173 γε
553 1118 598 1160 τὸ
630 1119 874 1173 γιγνόμενον
903 1119 1073 1165 πολλοῖς
1106 1119 1514 1174 ὑπερκαταγέλαστόν
1544 1123 1659 1174 ἔστιν,
1691 1123 1717 1162 4
1739 1120 1775 1164 C
1806 1126 1881 1164 νῦν
1900 1123 1947 1165 δέ

131 1206 189 1236 τις
220 1192 300 1232 κᾶν
333 1191 599 1232 καταπτύσειε
629 1193 713 1231 τῶν
743 1191 937 1243 πατέρων
961 1191 1097 1239 ἐνίων,
1129 1191 1154 1231 9
1175 1189 1232 1231 D.
1266 1190 1438 1245 Quibus
1469 1190 1615 1233 verbis
1647 1192 1684 1233 si
1717 1192 1947 1246 credimus,

134 1261 323 1315 scriptor
355 1260 574 1303 educandi
605 1260 771 1314 peritus
803 1263 886 1302 est:
930 1260 1238 1315 paedagogum
1271 1265 1417 1304 aetate
1450 1266 1720 1316 provectum,
1751 1263 1827 1317 qui
1857 1264 1947 1305 iam

131 1331 207 1374 diu
237 1331 284 1374 in
315 1331 559 1374 erudiendo
591 1335 790 1373 versatus
822 1334 901 1383 est,
940 1331 1094 1374 audire
1125 1331 1252 1374 nobis
1283 1332 1491 1375 videmur.
1554 1333 1643 1376 Gur
1676 1338 1822 1376 autem
1854 1334 1942 1376 illis

130 1402 274 1445 verbis
317 1403 449 1446 fidem
494 1416 715 1458 negemus,
757 1417 846 1445 non
878 1406 960 1456 est;
1003 1417 1106 1445 nam
1143 1402 1248 1445 licet
1286 1406 1476 1458 scriptor
1516 1404 1702 1447 aliorum
1747 1406 1946 1460 exempla

130 1474 329 1517 imitatus
359 1475 405 1516 in
449 1478 596 1528 patres
637 1474 691 1516 ob
736 1474 955 1516 educandi
998 1474 1320 1529 neglegentiam
1362 1475 1608 1528 invehatur,
1655 1480 1801 1519 tamen
1846 1491 1944 1520 eum

131 1545 243 1588 tales
274 1546 394 1588 locos
426 1549 545 1588 totos
577 1559 668 1587 non
698 1548 890 1587 mutatos
923 1559 946 1587 e
976 1545 1173 1587 fontibus
1205 1545 1483 1589 transtulisse
1517 1546 1635 1589 credi
1666 1562 1754 1590 non
1787 1553 1945 1602 potest,

74 1603 81 1610 ’
132 1616 350 1671 discipulo
382 1630 484 1659 vero
517 1630 570 1658 ea
601 1616 747 1669 verba,
788 1616 875 1657 nisi
918 1615 1029 1658 forte
1074 1620 1214 1659 mente
1247 1621 1400 1672 captus
1433 1621 1510 1671 est,
1547 1632 1636 1660 non
1668 1619 1943 1663 conveniunt.

129 1688 251 1730 Fieri
281 1702 371 1731 non
402 1690 562 1743 potest,
591 1688 696 1742 quin
722 1686 800 1729 illa
824 1687 958 1730 verba
984 1688 1188 1741 scriptori
1212 1688 1297 1743 ipsi
1335 1689 1627 1732 attribuamus
1661 1694 1793 1744 atque
1818 1705 1943 1733 veras

130 1760 223 1802 eius
267 1759 497 1815 opiniones
540 1759 726 1813 exprimi
764 1762 979 1813 putemus.
1044 1758 1282 1801 Praeterea
1321 1762 1357 1801 si
1396 1759 1626 1802 Plutarchi
1667 1765 1941 1815 sectatorem,

131 1830 306 1886 qualem
338 1830 709 1886 Wyttenbachius
751 1829 888 1883 finxit,
931 1829 999 1872 vel
1043 1830 1219 1872 omnino
1253 1830 1515 1885 discipulum
1548 1832 1768 1886 quendam
1800 1833 1940 1888 philo-

129 1902 310 1957 sophiae
347 1901 501 1944 rudem
539 1901 795 1953 conicimus,
839 1915 1031 1943 summae
1070 1900 1353 1944 difficultates
1398 1907 1648 1946 occurrunt:
1686 1905 1942 1959 scriptorem

129 1974 250 2016 locos
261 1987 510 2016 communes
520 1973 734 2015 rhetorice
747 1973 982 2015 decantare
994 1975 1071 2014 aut
1081 1972 1133 2015 de
1149 1987 1228 2016 suo
1239 1987 1308 2015 res
1320 1987 1577 2028 proponere,
1589 1989 1719 2024 nunc,
1732 1977 1939 2031 quoniam

128 2044 323 2087 libellum
342 2045 623 2097 excussimus,
643 2044 736 2086 iure
754 2042 1006 2098 improbare
1027 2057 1266 2098 possumus.
1286 2043 1445 2087 Omnia
1465 2045 1543 2088 illa
1562 2050 1808 2102 praecepta,
1828 2062 1940 2102 quae

129 2116 187 2158 ad
213 2131 346 2159 unum
370 2116 569 2167 tendunt,
595 2129 707 2170 quae
733 2114 1060 2169 philosophiam
1079 2114 1205 2157 valde
1223 2115 1445 2158 interdum
1478 2117 1667 2172 sapiunt,
1701 2132 1813 2172 quae
1840 2118 1938 2160 dili-

128 2191 302 2242 gentem
348 2201 497 2230 curam
542 2187 838 2241 optimamque
882 2186 1103 2228 educandi
1152 2187 1470 2241 experientiam
1520 2187 1838 2242 demonstrant,
1883 2189 1938 2232 ab

128 2259 303 2302 homine
323 2259 417 2301 eius
437 2259 501 2301 rei
523 2257 652 2312 plane
673 2258 875 2312 imperito
906 2257 1086 2299 inventa
1105 2261 1183 2299 aut
1203 2257 1391 2301 collecta
1418 2272 1511 2301 esse
1544 2259 1643 2313 quis
1675 2259 1939 2303 crediderit?

128 2329 362 2373 Scribendi
394 2329 553 2372 deinde
584 2329 761 2372 inscitia
790 2343 880 2371 non
905 2331 1108 2380 aetatem,
1142 2329 1220 2371 sed
1244 2329 1470 2384 ingenium
1497 2331 1723 2385 scriptoris
1748 2331 1937 2374 indicari

128 2415 284 2445 censeo
329 2406 376 2444 et
419 2401 593 2444 dicendi
636 2415 773 2456 genus
813 2400 1032 2442 interdum
1074 2399 1291 2442 rhetorico
1336 2400 1479 2444 colore
1523 2401 1733 2444 infectum
1764 2417 1854 2445 non
1886 2418 1938 2445 ex

127 2474 234 2516 artis
272 2473 518 2516 rhetoricae
562 2472 709 2514 studio
743 2497 799 2502 -
841 2485 943 2513 113111
982 2471 1019 2512 31
1051 2471 1115 2514 ita
1147 2475 1272 2523 esset,
1314 2486 1450 2527 genus
1491 2472 1758 2516 rhetoricum
1796 2474 1937 2529 magis

125 2543 295 2586 elucere
327 2543 671 2599 exspectandum
704 2557 797 2585 esse
837 2557 971 2597 quam
1003 2543 1157 2596 paucis
1189 2541 1381 2585 flosculis
1413 2543 1500 2586 iam
1530 2544 1656 2587 initio
1689 2546 1935 2599 expositum

127 2603 195 2657 cst
225 2641 282 2646 —
315 2615 392 2658 sed
423 2630 447 2658 e
479 2614 579 2657 stilo
621 2613 793 2656 difficili
826 2617 958 2667 atque
998 2613 1258 2656 imitationis
1290 2613 1419 2668 pleno
1452 2615 1560 2668 eius,
1606 2616 1682 2670 qui
1715 2616 1934 2658 scribendi

127 2686 268 2727 minus
311 2687 477 2741 peritus
527 2690 605 2739 est,
657 2685 974 2740 explicaverim.
1026 2683 1091 2726 At
1135 2699 1267 2739 quam
1317 2685 1506 2740 denique
1557 2687 1773 2729 rationem
1821 2687 1935 2730 inter

126 2756 413 2798 Plutarchum
445 2761 488 2799 et
514 2756 898 2798 Ps.-Plutarchum
925 2755 1195 2798 intercedere
1221 2756 1452 2810 putemus?
1483 2757 1770 2800 Plutarchum
1795 2757 1934 2800 libelli

125 2827 382 2881 scriptorem
425 2841 513 2869 non
556 2841 650 2870 esse
682 2828 728 2870 in
771 2826 920 2869 libello
961 2826 1219 2869 excutiendo
1260 2828 1434 2882 saepius
1478 2828 1808 2883 comprobatum
1840 2843 1932 2872 esse

125 2898 338 2941 existimo.
371 2897 460 2941 Sed
491 2912 547 2940 ne
573 2912 625 2940 ea
651 2898 828 2952 quidem
860 2898 1112 2941 coniectura
1144 2899 1422 2954 comprobari
1446 2903 1603 2954 potest,
1634 2914 1722 2954 qua
1747 2900 1933 2955 scriptor

270 3003 297 3048 ¹)
323 3005 381 3039 lta
401 3004 657 3039 Hartmannus
678 3016 823 3048 quoque
845 3006 978 3047 censet,
1003 3004 1027 3039 l.
1047 3005 1070 3039 l.
1091 2984 1227 3049 12938.
1253 3005 1431 3040 Eiusdem
1452 3005 1589 3040 iudicio
1608 3007 1821 3051 asperrimO,
1843 3006 1931 3042 ibid.

125 3075 161 3107 P.
187 3063 256 3098 239
283 3063 465 3098 rhetorica
489 3067 575 3097 sunt
605 3064 743 3105 onmia,
775 3075 871 3098 vana
896 3067 927 3097 el
957 3063 1094 3098 inania
1119 3066 1156 3099 et
1181 3076 1216 3109 p.
1237 3064 1305 3099 241
1333 3065 1484 3109 pueruli
1508 3064 1646 3099 miselli
1668 3069 1718 3099 est
1746 3066 1931 3101 meditatio

125 3133 199 3155 non
226 3122 427 3156 adsentior.
