2138 3438
899 136 1193 180 -13-

135 280 320 323 dubium
350 293 440 322 non
471 284 548 330 est,
580 280 687 334 quin
718 279 790 321 hic
824 279 969 334 capite
1002 280 1028 322 6
1048 279 1174 321 B—7
1200 278 1235 322 O
1269 278 1431 320 similes
1465 293 1534 320 res
1566 278 1868 331 exhibeantur,
1902 278 1956 320 de

137 351 298 406 quibus
331 355 487 406 postea
524 350 823 406 quaerendum
856 351 954 393 erit.
1015 349 1187 392 Eodem
1219 350 1364 404 capite
1396 354 1633 404 praecepta
1664 349 1839 392 dicendi
1869 363 1958 391 non

134 427 228 466 tam
258 422 459 474 rhetoris,
493 436 626 476 quam
657 421 908 476 philosophi
939 420 1085 464 colore
1116 421 1256 463 tincta
1281 420 1484 475 praeberi
1508 421 1726 462 neminem
1753 420 1829 475 qui
1853 420 1959 475 legit

137 493 287 548 fugere
326 498 490 547 potest:
530 492 724 541 ubinam,
764 497 814 534 ut
852 492 901 534 id
940 507 1074 534 unum
1115 491 1327 544 adferam,
1367 491 1413 532 in
1453 492 1536 533 1100
1574 490 1721 533 11110110
1754 491 1882 533 100110
1916 496 1959 533 01

138 565 326 607 imitatio
352 565 613 619 scriptorum
638 565 868 618 reperitur,
896 578 1009 618 quae
1036 563 1156 618 apud
1176 563 1399 605 Theonem
1425 577 1495 604 res
1520 563 1714 604 maxima
1734 562 1799 604 vel
1825 563 1958 604 unica

135 635 232 679 est‘?
263 635 363 679 Nisi
393 635 506 678 forte
538 634 649 677 illud
681 634 1013 690 praeceptulum
1045 634 1091 692 (8
1113 634 1169 686 B)
1201 633 1360 684 adfers,
1387 633 1465 675 ubi
1490 638 1683 675 veterum
1709 633 1841 675 lectio
1867 647 1956 675 non

136 708 358 760 dictionis,
398 708 475 750 sed
513 709 741 763 ἐπιστήμης
780 721 916 749 031153
956 706 1298 758 001111110111131111,
1338 705 1385 748 111
1426 705 1544 765 quod
1576 706 1764 748 rhetoris
1797 706 1959 747 rationi

139 793 272 835 quam
302 779 482 821 minime
513 779 765 833 respondet.
799 778 954 821 Totius
985 778 1118 832 igitur
1147 777 1288 820 libelli
1313 778 1427 819 ratio
1455 792 1480 819 a
1506 777 1728 819 rhetorum
1754 777 1808 819 de
1836 777 1958 818 insti-

136 851 308 892 tutione
332 850 587 892 notionibus
615 849 760 892 aliena
786 863 881 892 esse
907 849 1097 892 videtur:
1136 848 1400 903 relinquitur
1436 862 1530 891 mos
1562 848 1786 891 tractandi
1812 848 1956 890 rheto-

137 922 268 964 ricus.
299 921 500 964 Duorum
532 935 751 976 generum,
785 935 896 976 quae
926 921 1161 975 praecipue
1192 920 1279 962 huc
1310 920 1529 974 pertinere
1561 924 1683 974 puto,
1717 919 1884 962 chriam
1915 923 1959 961 et

137 992 284 1035 thesin
324 993 435 1044 dico,
476 991 675 1046 exempla
717 992 754 1033 si
794 1006 1099 1047 comparamus
1141 1016 1197 1023 —
1239 996 1286 1033 ut
1317 992 1363 1032 in
1394 990 1643 1045 Aphthonii
1674 1004 1956 1045 progymnas-

137 1063 330 1106 matibus
351 1063 519 1105 chriam
539 1062 593 1105 de
612 1063 824 1105 Isocratis
844 1063 961 1105 dicto
984 1063 1283 1117 compositam,
1316 1076 1402 1117 quo
1428 1068 1499 1118 τῆς
1523 1064 1713 1109 παιδείας
1742 1063 1816 1116 τὴν
1840 1063 1959 1116 ῥίζαν

135 1136 294 1189 πικρὰν
311 1137 408 1190 ἔφη,
441 1136 601 1190 γλυκεῖς
626 1135 671 1176 δὲ
696 1135 792 1181 τοὺς
823 1136 1015 1187 καρπούς
1048 1133 1195 1190 (Rhet.
1229 1132 1470 1188 GnSpeng.
1498 1148 1533 1175 V.
1559 1133 1608 1175 ΙΙ
1633 1132 1729 1188 23);
1766 1132 1817 1174 de
1843 1133 1958 1174 thesi

138 1205 197 1247 cf.
230 1205 412 1261 Quintil.
436 1205 545 1247 Inst.
570 1219 630 1247 or.
655 1205 704 1247 H
730 1207 771 1257 4,
798 1206 869 1256 24,
895 1204 1035 1248 Oicer.
1062 1205 1132 1246 De
1159 1219 1220 1246 or.
1244 1204 1322 1246 III
1349 1207 1432 1247 106
1453 1229 1510 1235 ——
1543 1204 1717 1259 singula
1749 1204 1795 1245 in
1827 1204 1957 1246 rebus

137 1276 326 1331 singulis
365 1276 638 1331 explicandis
676 1275 808 1330 plane
849 1275 1011 1317 similia
1051 1290 1145 1318 esse
1183 1276 1339 1330 negari
1379 1289 1471 1318 non
1511 1279 1675 1330 potest;
1728 1275 1804 1317 sed
1848 1275 1958 1316 nihil

140 1361 319 1402 prorsus
351 1347 473 1389 aliud
503 1347 713 1402 sequitur,
748 1361 876 1401 quam
911 1347 1182 1401 scriptorem,
1209 1360 1296 1401 qua
1323 1351 1418 1389 erat
1444 1346 1664 1388 scribendi
1690 1347 1879 1398 inscitia,
1907 1360 1957 1388 eo

135 1418 316 1460 facilius
335 1418 380 1460 in
401 1417 575 1460 dicendi
596 1432 734 1472 genus
755 1418 947 1473 quodam
966 1417 1097 1460 modo
1124 1418 1388 1460 rhetoricum
1406 1417 1626 1469 incidisse,
1652 1418 1814 1471 quippe
1841 1417 1958 1471 quod

138 1489 259 1543 apud
279 1489 490 1544 plurimos
511 1489 789 1543 antiquitatis
809 1490 1044 1543 scriptores
1064 1489 1164 1544 plus
1182 1490 1376 1531 minusve
1398 1489 1595 1531 valuerit.
1628 1489 1742 1530 Eum
1763 1493 1910 1530 autem
1931 1503 1958 1531 a

140 1560 359 1602 rhetorico
390 1563 491 1611 ritu,
523 1561 598 1614 qui
629 1560 759 1602 rebus
791 1561 899 1602 scite
926 1560 1227 1614 disponendis,
1254 1560 1367 1602 inter
1400 1574 1445 1601 se
1479 1559 1659 1601 effectus
1693 1573 1829 1601 031153
1856 1573 1957 1601 0011-

140 1631 386 1686 iungendiS‚
416 1631 560 1673 facete
594 1631 893 1685 concinneque
926 1631 1193 1674 exornandis
1220 1631 1480 1682 continetur,
1507 1631 1695 1672 maxime
1723 1630 1957 1673 abhorrere

142 1702 298 1744 iisdem
325 1703 593 1757 argumentis
620 1702 945 1757 comprobatur,
976 1702 1135 1756 quibus
1169 1717 1302 1756 supra
1333 1701 1528 1744 libellum
1556 1702 1837 1755 compilatum
1863 1715 1958 1744 esse

139 1773 489 1815 demonstratum
528 1777 605 1816 est.
667 1773 721 1814 In
761 1773 891 1815 rebus
923 1773 1111 1827 denique
1142 1774 1249 1828 ipsis
1280 1788 1385 1815 num
1417 1787 1526 1827 opus
1559 1777 1624 1815 est
1656 1773 1956 1815 demonstrare

139 1849 186 1886 et
217 1843 448 1899 permulta,
491 1858 603 1898 quae
643 1843 792 1886 libello
823 1844 988 1896 insunt,
1023 1858 1049 1886 a
1080 1844 1303 1886 rhetorum
1334 1844 1444 1886 locis
1476 1843 1778 1886 communibus
1812 1843 1958 1886 aliena

138 1929 237 1957 esse
263 1919 307 1957 et
329 1915 460 1970 plura
485 1915 630 1968 etiam,
656 1929 768 1969 quae
795 1915 966 1967 desunt,
994 1929 1021 1957 a
1047 1915 1291 1957 rhetoricae
1317 1915 1424 1957 artis
1451 1915 1667 1969 discipulo
1690 1919 1789 1957 ante
1812 1915 1958 1957 omnia

137 1985 408 2041 proferenda
425 1985 592 2027 fuisse?
617 1986 692 2040 Ut,
718 1986 837 2040 quod
855 1987 1091 2028 maximum
1117 1990 1196 2038 est,
1225 1999 1461 2040 exponam:
1487 2000 1634 2029 nonne
1656 1987 1762 2028 artis
1783 1986 1962 2028 dicendi·

139 2057 350 2099 sectatori
382 2070 487 2099 suae
514 2056 621 2098 artis
646 2055 846 2099 laudatio
873 2056 1129 2099 exornanda
1154 2056 1265 2099 fuit?
1297 2057 1560 2100 Eruditione
1587 2057 1791 2100 absoluta
1818 2058 1958 2099 omnis

139 2127 431 2170 institutionis
463 2126 776 2182 perfectionem
809 2141 1110 2183 summamque
1143 2128 1321 2171 dicendi
1353 2132 1491 2171 artem
1524 2142 1618 2171 esse
1657 2127 1959 2171 confirmasset

138 2198 347 2252 omnique
378 2197 573 2240 locorum
605 2198 899 2240 communium
933 2203 1150 2253 apparatu
1183 2198 1380 2241 adhibito
1413 2213 1509 2241 eam
1542 2199 1658 2241 vitae
1689 2200 1958 2253 magistram,

139 2269 462 2324 imperatricem
481 2269 718 2321 hominum,
739 2283 953 2311 summum
973 2269 1109 2312 animi
1127 2269 1292 2313 bonum
1313 2283 1407 2312 esse
1428 2270 1769 2324 comprobasset.
1792 2269 1959 2312 Contra

139 2338 514 2391 Ps.—Plutarchus,
555 2344 704 2382 orator
734 2353 790 2382 ne
821 2339 940 2394 plebi
984 2340 1225 2395 indulgeat,
1263 2346 1425 2392 monet,
1465 2341 1570 2394 quia
1604 2342 1645 2384 τὸ
1678 2347 1759 2388 τοῖς
1789 2342 1958 2387 πολλοῖς

135 2413 328 2465 ἀρέσκειν
358 2417 444 2458 τοῖς
472 2416 622 2467 σοφοῖς
651 2414 755 2454 ἐστιν
786 2413 1038 2466 ἀπαρέσκειν
1069 2411 1116 2464 (6
1136 2413 1209 2467 Β).
1246 2412 1484 2456 Videamus
1516 2411 1710 2464 tandem,
1739 2411 1847 2467 quid
1873 2411 1959 2453 sibi

140 2482 245 2524 velit
285 2482 485 2536 scriptor,
527 2496 640 2536 quae
681 2482 739 2524 sit
778 2481 918 2524 libelli
958 2497 1138 2524 summa.
1203 2481 1390 2537 Saepius
1434 2482 1761 2537 philosophiam
1801 2482 1959 2524 laudat

137 2557 272 2607 atque
303 2552 419 2594 vitae
450 2554 744 2595 necessariam
777 2566 870 2595 esse
903 2553 1145 2596 contendit:
1177 2553 1224 2595 id
1255 2568 1359 2608 ergo
1388 2554 1491 2607 agit,
1517 2557 1566 2596 ut
1592 2554 1667 2608 qui
1696 2553 1856 2608 legunt,
1882 2567 1956 2595 eos

138 2623 199 2665 ad
224 2622 550 2677 philosophiam
575 2623 786 2677 impellat.
814 2623 901 2666 Ubi
929 2623 983 2666 de
1008 2623 1278 2679 paedagogis
1299 2624 1477 2666 disserit
1502 2627 1547 2676 (4
1567 2624 1696 2667 B—5
1720 2625 1788 2678 O),
1807 2629 1956 2679 patres

138 2693 353 2747 increpat,
393 2693 468 2747 qui
494 2707 664 2736 servum
692 2708 881 2748 nequam
907 2695 1054 2748 pueris
1081 2694 1321 2736 educandis
1352 2699 1648 2750 praeponunt:
1681 2694 1956 2749 philosophis

137 2763 344 2805 tradendi
377 2768 490 2806 sunt.
553 2763 749 2819 Quorum
781 2765 1057 2808 institutione
1090 2765 1185 2808 sola
1218 2781 1244 2808 a
1275 2766 1393 2808 vitiis
1423 2766 1549 2821 pueri
1581 2767 1847 2820 iuvenesque
1885 2780 1956 2808 co-

140 2832 347 2875 hibentur
384 2835 429 2886 (5
451 2833 486 2877 O
525 2836 752 2891 φιλοσοφίᾳ
784 2837 829 2878 δὲ
861 2837 1129 2892 ὁμιλήσαντες
1152 2835 1267 2880 οὗτοι
1291 2839 1344 2880 οὐ
1368 2838 1568 2884 τοιούτοις
1592 2840 1695 2883 ἴσως
1718 2839 1956 2892 πράγμασιν

137 2905 312 2952 ἑαυτοὺς
340 2907 394 2947 ἂν
424 2908 686 2954 καταπειθεῖς
715 2907 1004 2964 παρέσχοντο).
1048 2907 1139 2949 Eos
1179 2908 1254 2961 qui
1292 2908 1337 2950 in
1369 2907 1556 2950 dicendo
1590 2907 1731 2961 plebis
1763 2907 1956 2949 favorem

141 2978 368 3029 appetunt,
405 2975 638 3029 vituperat,
682 2977 799 3031 quod
838 2991 982 3020 mores
1023 2969 1267 3032 depravant
1303 2979 1349 3032 (6
1369 2977 1556 3034 A—B):
1608 2978 1832 3020 contraria
1863 2976 1956 3020 sirie

138 3045 275 3088 dubio
315 3046 429 3087 ratio
465 3045 641 3088 dicendi
679 3046 933 3102 philosophi
973 3049 1151 3103 propria
1191 3053 1271 3091 est.
1327 3049 1514 3092 Artibus
1545 3049 1801 3092 liberalibus
1832 3049 1956 3103 pueri

140 3115 329 3158 breviter
359 3116 604 3159 instruendi
637 3122 738 3160 sunt
768 3117 813 3175 (7
837 3118 1019 3176 O—D):
1052 3119 1334 3174 philosophia
1365 3120 1629 3175 praevaleat,
1663 3120 1762 3162 finis
1794 3120 1954 3162 educa-
